3334 5142
847 384 1079 459 ..m-

376 534 508 632 πρῶτον
522 538 639 621 στάσις
653 539 780 630 ἔμπεσε,
800 548 857 611 καὶ
871 546 984 636 ιγῶμιν
1001 540 1105 635 αῦτάς
1122 543 1294 633 τραγικῶς,
1317 538 1385 624 ὡς
1377 540 1461 635 ιιρὸς
1476 548 1555 612 ποί·

377 644 478 726 δας“
459 647 546 735 ημάς
565 641 750 727 παιζούσας
770 652 826 715 καί
848 642 1139 736 ἐρεσχηλούσας]
1117 676 1159 727 ως
1180 645 1220 729 δή
1238 644 1396 743 σπουδῇ
1383 643 1555 735 λεγούσας,

376 748 692 869 ὑψηλολογουμένας
712 754 834 836 λέγιινς
861 752 956 834 Πιῦςς
979 741 1061 819 Ωδέ
1080 776 1190 830 πως
1187 748 1364 819 Χαλεπὸν
1384 758 1445 839 μὲν
1466 776 1556 833 murs

376 855 487 936 θῆναι
514 847 612 920 πόλιν
633 844 718 920 ούτω
739 854 915 935 ξυστᾶσαν·
945 850 1054 922 ἀλλΜ
1038 860 1103 923 ιιιιὶ
1126 858 1285 945 γενομένῳ
1307 860 1410 921 παντί
1427 849 1554 947 φθορά

367 959 479 1038 -έστιν,
501 952 616 1023 οὐδ’
598 984 618 1041 η
640 952 778 1038 τοιαύτη
798 955 953 1038 ξύστασις
974 949 1076 1025 τὸν·”
1053 983 1187 1033 απαντα
1207 964 1299 1046 μενεῖ
1312 954 1443 1048 χρόνον,
1465 952 1554 1025 ἀλλά

375 1056 575 1143 λυθήσεται.
589 1055 689 1139 ’λύσις
704 1063 739 1127 δὲ
753 1052 818 1142 ήδε·
842 1056 880 1127 οῦ
903 1056 1007 1148 μόνον
1028 1068 1147 1148 φυτοῖς
1168 1063 1313 1149 ἐγγείοις,
1335 1058 1554 1129 ἀλλύιιιιὶιέν

374 1165 528 1251 ἐπιγείοις
547 1161 643 1247 ζιίοις
665 1160 758 1255 ιγορά
785 1169 841 1229 καὶ
858 1160 1000 1255 -ιίφορία
1029 1167 1142 1257 ψυχῆς
1163 1190 1201 1231 τε
1228 1171 1283 1235 καὶ
1312 1158 1474 1252 σωμάτων
1503 1163 1552 1249 γί-

371 1292 534 1364 γνονται,
564 1258 647 1335 όταν
674 1272 871 1357 περιτροπαὶ
903 1263 1059 1346 ἑκάστοις
1089 1263 1214 1337 κύκλων
1241 1264 1427 1360 περιφοράς
1454 1261 1552 1349 ξυνά-

370 1395 492 1453 πτωσι,
514 1373 715 1494 ’βραχυβίοις
733 1378 794 1457 μέν
814 1366 1058 1499 βραχυπόρους,
1080 1373 1298 1451 ἐναντίοιςεδὲ
1317 1372 1476 1449 έναυτίας.
1484 1373 1552 1461 γε’·

370 1498 450 1598 νογς
476 1469 557 1541 δὲ
539 1478 698 1592 υμετὲρου
726 1470 876 1560 εὐγονίας
897 1494 940 1541 τε
952 1500 1008 1540 και
1029 1470 1176 1567 ἀιγορίας
1195 1475 1320 1567 καίπερ
1335 1472 1439 1553 ὄντες
1448 1479 1552 1565 σοφοί

372 1572 431 1657 οῦς
466 1573 629 1665 ήγεμόνας
661 1573 786 1658 πόλεως
817 1571 1087 1658 Ιἐπαιδεύσασθε,
1123 1574 1228 1651 οῦδὲν
1246 1580 1373 1645 πάλλον
1402 1578 1551 1668 λσγισμιῦ

367 1677 436 1768 μετ’
467 1678 662 1763 αἰσθήσιος
690 1676 876 1762 τεύξονται,
908 1677 993 1751 ἀλλὰ
1014 1676 1167 1771 πάρεισιν
1189 1677 1327 1761 αὐτοῦς,
1354 1686 1411 1749 καὶ
1437 1675 1552 1767 γεννή-

372 1806 470 1852 σουσι
489 1780 613 1862 παῖδάς
633 1806 711 1851 ποτε
732 1780 772 1851 οῦ
794 1784 919 1853 δέομ’
899 1808 976 1852 εστι
991 1788 1027 1851 δὲ
1048 1786 1134 1877 θείῳ
1154 1792 1215 1873 μὲν
1231 1786 1373 1878 γεννητῷ
1396 1785 1551 1875 περίοδος

263 1911 267 1920 ·
371 1883 412 1970 ήν
440 1884 593 1979 ἀριθμός
620 1883 855 1976 περιλαμβάνει
878 1892 1012 1969 τέλειος,
1039 1854 1401 1980 ἀνθράπιίιγδὲκμτ.
1423 1889 1447 1954 ί.
1472 1890 1551 1953 .Se··

371 1995 485 2077 quitur
499 1991 553 2058 hic
576 2011 747 2069 numerus,
777 1994 833 2077 qui
853 2002 984 2078 propter
1004 1990 1218 2059 diffieulmm
1245 2012 1340 2058 τιιιιιι
1361 1993 1395 2057 in
1416 2009 1550 2077 prover-

370 2098 461 2161 bium
487 2093 582 2172 abiit,
619 2098 675 2161 do
687 2116 752 2181 quo
776 2096 957 2163 conferatur
977 2100 1143 2161 Ειοιιιιιιι
1166 2098 1219 2163 lv.
1264 2100 1343 2165 Tum
1372 2097 1416 2161 ita
1443 2094 1551 2181 pergit

372 2200 548 2276 δρειιίειι
570 2194 754 2285 ξύμπαςδὲ
759 2190 874 2277 οὗτος
889 2194 1048 2322 ἀριθμὸς
1061 2195 1292 2290 γεωμετρικός,
1315 2194 1470 2267 τοιούτου
1492 2194 1548 2265 κῦ-

371 2329 454 2427 ριος,
477 2299 655 2473 ἀμεινόνων
676 2327 710 2370 τι
729 2307 788 2370 καὶ
805 2297 962 2393 χειρόνων
969 2305 1137 2419 Νγινίοιωιι
1157 2296 1212 2381 δίς
1220 2294 1303 2369 ὅταν
1324 2296 1548 2423 ἀγνοήσαντες

368 2404 449 2530 ύμῖν
480 2410 514 2474 οί
545 2402 690 2495 φύλακες
719 2407 927 2487 συνοικίζωσι
950 2400 1083 2497 νύμφας
1110 2406 1272 2529 νυμφίοις
1294 2402 1388 2497 παρά
1411 2402 1548 2496 καιρόν,

364 2506 432 2577 ’σῦκ
458 2506 605 2631 ιύγνεῖς
614 2504 687 2577 οὐδ’
720 2506 861 2596 εὐτυχεῖς
885 2508 1043 2587 παιδις
1024 2530 1167 2576 ισονται·
1200 2498 1248 2575 ὧν
1274 2504 1548 2591 καταστήσωνται

368 2620 438 2701 μὲν
451 2610 530 2692 τοῦς
549 2609 704 2713 ἀρίστους
726 2616 757 2679 οἱ
778 2608 949 2707 πρότεροι,
972 2605 1062 2699 ὅμως
1082 2608 1159 2681 δι”
1140 2628 1230 2691 οντες
1248 2608 1449 2695 ἀιάξιοι,
1418 2638 1471 2691 ιις
1487 2638 1548 2691 τας

368 2716 449 2783 τῶν
465 2720 614 2807 πατέρων
644 2714 694 2783 αὐ
725 2712 877 2803 δυνάμεις
911 2710 1121 2793 ἐλθόντις
1103 2716 1200 2801 ημῶν
1225 2718 1355 2805 πρῶτον
1387 2710 1546 2806 ἄρξονται

369 2815 498 2939 ἀμελεῖν
526 2814 719 2911 φύλακες
699 2840 805 2897 οντες,
844 2841 912 2937 παρ
951 2819 1087 2887 ελαττον
1108 2844 1167 2885 του
1153 2814 1360 2897 δέοντος
1339 2815 1547 2905 ηγησύμινοι

369 2920 426 2989 τά
423 2946 601 3044 μουσικης,
613 2917 781 3007 δεύτερον
808 2924 844 2988 δὲ
874 2918 916 2988 τά
940 2924 1204 3010 γυμναστικῆς·
1193 2914 1342 2989 ὅθεν
1322 2917 1546 3012 ἀμουσότεροι

366 3022 565 3112 γενήσονται
583 3020 660 3143 ῦμιιι
681 3029 714 3091 οἱ
733 3029 809 3092 νέοι.
829 3028 866 3092 ἐκ
888 3029 923 3094 δὲ
945 3022 1070 3093 τούτων
1091 3022 1247 3114 άρχοντις
1267 3021 1308 3105 ού
1328 3020 1415 3095 πάνυ
1434 3030 1545 3118 (γαλα-
1561 3070 1563 3075 ,

368 3135 454 3197 κικοι
475 3125 742 3210 καταστήσονται
768 3125 853 3220 πρὸς
881 3125 919 3195 τὸ
949 3122 1134 3215 δοκιμάζειν
1163 3125 1224 3199 τά
1233 3123 1395 3197 Ησιόδου
1425 3152 1460 3197 τε
1488 3136 1545 3201 και

365 3230 412 3300 τά
432 3258 500 3323 παρ
530 3227 615 3320 ύμῖν
626 3234 720 3349 γένη,
746 3234 890 3355 χρυσοῦν
914 3256 949 3298 τι
977 3238 1031 3299 και
1054 3228 1219 3323 ἀργυροῦν
1235 3238 1296 3308 καὶ
1318 3235 1466 3321 χαλκοῦν
1487 3239 1545 3301 καὶ

367 3337 537 3425 σιδηροῦν
556 3330 645 3423 όμου
630 3337 703 3401 δὲ
723 3338 875 3421 μιγέντος
896 3331 1075 3427 σιδήρου
1056 3331 1188 3456 αργύρῳ
1210 3340 1265 3403 καί
1283 3339 1411 3424 χαλκοῦ
1429 3352 1536 3456 χρυσιι

366 3430 575 3527 ἀνομοιότης
587 3433 792 3529 ἐγγενήσεται
813 3443 870 3505 καὶ
891 3434 1103 3527 ἀνωμαλία’
1084 3435 1306 3529 αιάρμοσιος,
1329 3433 1353 3506 ἀ
1373 3436 1542 3527 γενόμενα,

368 3532 416 3609 ού
445 3539 494 3610 ἀν
514 3543 760 3628 ἐγγίνηται,
795 3537 856 3608 ἀεὶ
884 3543 1019 3611 τίκτει
1054 3538 1234 3629 πόλεμον
1252 3547 1344 3609 και
1366 3544 1540 3667 ε’χθραγ.

367 3641 520 3727 ταύτης
542 3670 608 3715 τοι
628 3646 773 3732 γενεάς
791 3642 868 3733 χρή
891 3641 1021 3737 φάναι
1044 3636 1148 3712 εἶναι
1170 3640 1339 3767 στάσιν,
1367 3638 1472 3715 ὅπου
1495 3644 1542 3715 ἀν

366 3750 559 3836 γίγνηται
588 3744 663 3815 ἀεί.
708 3750 791 3815 Και
812 3744 1003 3839 ὀρθῶς’
976 3777 1016 3836 γ,
1038 3748 1135 3840 ἐιγη,
1162 3744 1293 3828 αὐτάς
1320 3746 1541 3841 ἀποκρίνε-

366 3856 474 3920 σθαι
495 3846 696 3943 φήσομεν
719 3854 863 3917 Καί
852 3848 945 3951 γάρ,
972 3872 1020 3974 χχιι
1048 3848 1126 3919 δ”
1110 3849 1198 3937 εγὼ,
1225 3846 1396 3939 ἀνάγκη,
1422 3850 1540 3920 Μού-

366 3978 443 4034 σας
463 3980 505 4041 γι
526 3949 664 4034 οῦσας.
712 3956 753 4023 Τί
774 3945 846 4035 οῦν,
868 3952 889 4035 ή
911 3947 989 4021 δ’“
971 3982 1023 4035 ος,
1044 3952 1083 4021 τὸ
1104 3952 1188 4043 μετά
1211 3956 1308 4023 ’τοῦτο
1330 3958 1482 4042 λέγουσιν
1504 3960 1540 4023 ιιί

365 4060 521 4144 Μούσαις
542 4044 759 4139 Στάσεως,
739 4082 779 4141 ην
801 4054 874 4125 δ”
858 4054 929 4145 ιγιί,
946 4060 1123 4144 γενομένης
1144 4054 1329 4141 είλκίτην”
1307 4084 1374 4149 αρα
1395 4060 1538 4151 ἑκατέρω

364 4186 410 4232 τω
436 4166 527 4249 γένη,
564 4157 602 4229 τό
630 4170 692 4253 μὲν
722 4162 879 4249 σιδηροῦν
906 4166 962 4228 και
989 4158 1133 4249 χαλκοῦν
1160 4162 1211 4229 ἐπὶ
1228 4158 1460 4286 χρηματισμὸν
1480 4168 1538 4237 καί

363 4266 429 4353 γῦς
444 4268 560 4349 κτήσιν
579 4291 636 4334 και
658 4261 766 4345 οικίας
784 4264 928 4355 χρυσίου
950 4288 984 4333 τε
1010 4270 1065 4333 καὶ
1092 4259 1254 4367 ἀργύρου,
1287 4292 1326 4335 το
1347 4262 1393 4335 δ
1402 4252 1468 4352 αύ,
1497 4262 1536 4337 τό
