3334 5142
857 395 1065 467 ,...oa..¹

381 576 495 625 eorum
522 570 618 626 must
644 572 946 638 commmnoramuS,
981 556 1035 641 qui
1057 553 1163 621 mirati
1184 558 1275 629 sunt,
1308 554 1386 637 qnid
1408 552 1449 617 sit
1464 528 1558 635 quod

380 662 512 730 Plato
502 683 536 727 m
550 660 743 781 Republica
770 660 812 723 dc
839 658 945 723 multis
975 662 1073 725 rebus
1104 655 1241 743 politicis
1269 676 1353 725 nou.
1363 654 1557 723 disseruerit

386 765 428 833 Τι’
458 766 510 846 δὲ,
542 747 568 830 ῶ
599 759 682 853 πρὸς
712 762 868 845 δεῶν,’
857 762 956 853 ἔφην,
990 758 1068 829 τάδε
1097 757 1139 830 τὰ
1175 755 1321 848 ἀγοραῖα
1349 758 1558 847 ξυμβολαίων

380 870 416 942 ’τε
449 871 525 957 πέρι
559 860 629 933 κατ’
666 862 814 957 αγορὰν,
860 867 993 935 ἕκαστοι
1029 858 1052 931 ἁ
1086 862 1169 954 πρὸς
1205 858 1379 944 ἀλληλοις
1411 858 1558 949 ξυμβάλ-

380 974 510 1049 λουσιν,
540 966 573 1037 ιί
596 972 632 1037 δὲ
653 965 782 1055 βούλει,
810 974 867 1035 καὶ
891 969 1134 1058 χειροτεχνικῶν
1162 968 1240 1056 πέρι
1253 966 1471 1053 ⁴§arridei-circa
1502 970 1558 1033 καὶ

379 1073 554 1161 λοιδοριῶν
579 1078 636 1141 καὶ
657 1068 770 1151 αἰκίας
790 1078 846 1139 καὶ
868 1073 966 1143 δικῶν
986 1067 1104 1152 λήξεως
1126 1076 1180 1137 καὶ
1203 1068 1366 1137 δικαστῶν
1386 1062 1558 1137 καταστα-

254 1204 268 1220 “
381 1178 472 1259 dcccc,
493 1182 550 1245 καλ
570 1178 605 1245 εἴ
619 1201 683 1245 τιον
704 1177 804 1243 τελῶν
825 1200 909 1255 τινες
931 1172 951 1257 ἢ
972 1170 1104 1265 πράξεις
1117 1170 1138 1256 ἢ
1152 1177 1268 1253 θέσεις
1281 1169 1460 1259 ἀναγκαῖοί
1475 1169 1558 1241 εἰσιν

378 1277 401 1364 ἢ
422 1276 492 1348 κατ’
516 1276 642 1369 ἀγορὰς
662 1276 683 1362 ἢ
704 1283 848 1367 λιμένας,
870 1276 891 1362 ἢ
911 1284 968 1347 καὶ
987 1274 1027 1345 τὸ
1048 1274 1207 1367 παράπαν
1221 1273 1449 1369 ἀγορανομικὰ
1469 1273 1557 1345 δι’ττα

378 1382 400 1467 ἢ
422 1380 628 1473 ἀστυνομικὰ
650 1380 671 1465 ἢ
693 1380 876 1470 ἐλλιμενικὰ
897 1378 918 1465 ἢ
940 1374 1005 1449 ὅσα
1028 1379 1114 1451 ἄλλα
1144 1383 1300 1463 τοιαῦτα,
1328 1376 1454 1455 τούτων
1481 1383 1559 1447 rol.-

379 1482 528 1577 μήσομέν
550 1512 591 1555 τι
595 1492 818 1615 νομρθετιῑνς
844 1482 933 1563 Ἀλλ’
959 1512 1017 1568 ουκ
1039 1482 1193 1567 α’ξιον,”
1174 1510 1253 1579 εφη,
1280 1478 1426 1606 ἀνδράσι
1443 1486 1559 1561 καλοῖς

379 1588 552 1679 κάγαθοῖς
587 1587 787 1661 ἐπιτάττειν·
825 1616 869 1657 τοι
896 1587 1004 1657 πολλὰ
1035 1613 1099 1680 γαρ
1129 1585 1252 1669 αὐτῶν,
1287 1580 1352 1657 ὅσοι
1380 1591 1433 1655 δεῖ
1457 1612 1558 1675 νομο-

380 1692 625 1779 θηήσασθαι,
647 1695 768 1787 ῥαδίως
788 1720 853 1761 που
876 1688 1061 1783 εὑρησοιισι.
1105 1692 1226 1775 Nat,'
1207 1722 1234 1759 ω
1255 1694 1346 1783 φίλε,
1369 1682 1479 1771 εἷπον,
1501 1686 1558 1759 ἐάν

380 1825 417 1886 γε
438 1796 524 1878 θεὸς
544 1794 659 1877 αὐτοῖς
681 1799 762 1890 διδῶ
784 1802 948 1886 σωτηρίαν
969 1798 1046 1865 τῶν
1053 1791 1171 1883 νόμων,
1194 1820 1237 1863 ων
1259 1796 1451 1886 ἔμπροσθεν
1465 1790 1558 1875 διήλ-

380 1908 501 1990 θομεν.
547 1904 595 1969 ef.
618 1922 649 1989 p
671 1905 751 1978 425,
779 1903 814 1966 C.
859 1906 940 1967 Nam
960 1900 993 1967 id
1014 1899 1075 1967 nisi
1095 1897 1168 1977 fiat,
1204 1902 1301 1966 multa
1322 1902 1479 1965 eiusmodi
1499 1920 1560 1985 per

381 2026 509 2084 omnem
529 2008 628 2072 ritum
649 2013 681 2071 et
701 2006 787 2072 ferre
809 2012 841 2071 et
861 2007 1041 2094 corrigere,
1063 2011 1227 2091 sperantes
1247 2006 1287 2068 id.
1302 2024 1340 2069 se
1359 2010 1558 2071 assecuturos

380 2131 451 2178 csse
480 2112 566 2195 quod
592 2111 746 2195 optimum
774 2111 833 2187 sit,
868 2111 925 2175 sed
951 2111 1061 2175 vivere
1091 2126 1146 2175 eos
1174 2110 1441 2195 quemadmodum
1469 2108 1557 2191 aegri

372 2218 519 2291 ‚soleant‚
553 2214 610 2300 qni
637 2221 770 2301 propter
797 2213 962 2280 libidinem
995 2213 1110 2285 malam
1139 2212 1266 2281 vivendi
1294 2215 1558 2285 consuetudinem

380 2318 563 2403 relinquere
584 2316 697 2383 nolint.
742 2321 805 2385 Eos
825 2318 1062 2385 medicamentis
1083 2316 1268 2385 adhibendis
1288 2318 1367 2387 nihil
1387 2316 1556 2401 proficere,

379 2426 439 2491 ced
460 2421 558 2491 multo
579 2419 687 2504 plures
708 2429 740 2487 et
760 2422 898 2489 maiores
919 2424 1048 2489 morbos
1070 2424 1215 2498 reddere,
1238 2442 1362 2509 semper
1383 2430 1557 2509 sperantes,

381 2526 788 2611 elquis‘medioamentum
809 2523 937 2610 aliquod
962 2528 1179 2607 commendet,
1209 2549 1244 2595 sc
1273 2544 1318 2595 eo
1342 2524 1558 2595 valemdinem

380 2635 625 2714 recuperaturos
656 2648 738 2696 esse.
791 2628 930 2697 Eosdem
956 2628 1208 2698 inimicissimum
1237 2640 1348 2717 putare
1375 2652 1465 2708 eum,
1503 2631 1559 2715 qui

379 2754 457 2801 vera
474 2734 553 2818 ipsis
566 2733 658 2808 dieat,
679 2734 777 2818 quod,
791 2739 959 2818 antequam
975 2735 1119 2802 desinant
1132 2733 1288 2812 ebrietati,
1313 2734 1416 2821 gulae,
1436 2735 1558 2809 veneri,
1630 2745 1639 2775 ⁸

379 2838 512 2905 inertiae
533 2834 716 2920 indulgere,
745 2858 849 2923 noque
869 2839 1114 2916 medicamenta,
1136 2859 1240 2926 neque
1261 2838 1420 2916 ustiones,
1436 2836 1557 2923 neque

379 2940 562 3017 incisiones,
585 2959 691 3023 nsque
711 2938 941 3009 modulationes
961 2962 1065 3029 neque
1088 2944 1261 3029 quidquam
1282 2944 1466 3019 huiusmodi
1485 2941 1558 3009 usui

379 3044 521 3113 futurum
541 3045 594 3110 sit.
639 3046 728 3110 Idem
749 3047 895 3115 accidere
916 3047 1093 3113 civitatibus
1109 3068 1189 3132 quac
1203 3054 1312 3116 vetent
1325 3047 1459 3123 civibus,
1483 3068 1559 3131 pro·

379 3150 485 3235 posite
505 3147 617 3233 capitis
637 3164 760 3231 poenit,
793 3144 853 3229 τὴν
880 3156 950 3235 μὲν
960 3145 1165 3219 κατάστασιν
1186 3152 1244 3232 τῆς
1265 3146 1389 3229 πόλεως
1411 3143 1490 3233 ολην
1511 3147 1557 3237 μὴ

381 3258 491 3334 κινεῖν,
514 3273 570 3317 eos
591 3259 709 3328 σοιειι,
716 3250 798 3338 qui,
822 3260 948 3348 servato
969 3256 1126 3340 praesenti
1147 3256 1340 3341 reipublicae
1357 3261 1456 3332 statu,
1480 3255 1557 3340 ipsis

381 3355 567 3426 suanstima
586 3358 710 3424 ratione
730 3357 888 3435 serviant,
923 3338 1139 3445 obsequantur
1159 3366 1376 3427 succurrentes
1398 3366 1429 3425 et
1449 3350 1559 3444 provi·

380 3462 529 3530 dentes
520 3480 661 3547 rpsorum
688 3459 883 3538 voluntates,
917 3461 1076 3547 peritique
1095 3464 1157 3527 sint
1178 3484 1232 3529 eas
1254 3464 1421 3546 explendi,
1453 3465 1557 3529 bonos

379 3566 468 3633 viros
488 3566 626 3631 babeant
647 3570 679 3629 et
698 3567 869 3650 prudentes
897 3586 1003 3631 rorum
1025 3568 1234 3635 maximarum
1250 3569 1414 3634 ethonore
1430 3568 1555 3649 dignos.

380 3672 461 3735 Nam
482 3689 593 3737 eorum
614 3666 831 3736 tortitudinem
854 3676 886 3734 ct
906 3668 1088 3737 facilitatem
1111 3690 1181 3745 esse
1203 3670 1478 3753 amoredignem,
1502 3672 1557 3754 qui

381 3771 537 3839 eiusmodi
570 3769 711 3838 civitates
740 3791 852 3836 curare
884 3774 984 3838 velint
1017 3780 1048 3839 et
1080 3776 1182 3857 parati
1211 3774 1289 3854 sint;
1328 3774 1558 3859 ignoscendum

382 3880 477 3943 etiam
495 3875 548 3953 iis,
571 3873 637 3961 qui,
661 3877 901 3941 amultitudine
924 3878 958 3941 in
980 3897 1123 3943 errorem
1145 3877 1281 3954 inducti,
1306 3900 1339 3943 se
1360 3876 1557 3962 reipublicae
1605 3874 1608 3881 ’

381 3983 541 4066 regendae
572 3981 694 4063 peritos
725 3998 796 4045 esse
828 3986 950 4063 putent.
1006 3983 1085 4047 Nam
1113 3978 1184 4047 ficri
1212 4001 1277 4047 non
1303 3988 1458 4066 possent
1485 3980 1557 4066 quis

382 4085 536 4151 metiendi
555 4084 695 4167 ignauo,
716 4083 747 4149 si
767 4082 857 4149 multi
879 4084 933 4149 alii
953 4082 1014 4170 ipsi
1036 4083 1151 4161 boant,
1176 4087 1261 4169 quod
1282 4092 1418 4169 quatuor
1433 4082 1557 4152 cubitos

381 4186 495 4274 longus
515 4188 574 4263 sit,
597 4186 659 4253 boe
679 4190 720 4253 de
733 4206 777 4252 se
797 4198 864 4253 non
885 4190 1002 4255 credat.
1044 4189 1102 4255 His
1122 4187 1219 4272 igitur
1232 4184 1459 4273 ignoscendum
1472 4210 1555 4267 esse,

383 4290 572 4374 comedim
599 4287 809 4361 'scauuimos
840 4290 999 4371 omnium,
1035 4293 1296 4379 νομοθετοῦντες
1325 4318 1370 4365 τι,
1389 4285 1448 4361 οἷα
1479 4289 1557 4391 ἄρα
