3334 5142
364 536 488 609 bonum
517 537 622 619 ipsum
649 533 733 601 iuter
759 535 847 601 ίδεοε
875 535 1027 612 referret,
1066 540 1161 621 atquo
1188 530 1339 599 Ιοοίοτεοι
1367 529 1458 618 quoi
1489 532 1540 596 in-

366 642 534 706 troducere
554 637 650 713 τείίεῑ,
667 636 702 704 in
723 636 824 723 ipsam
846 638 1057 725 cognitionem
1078 642 1146 704 eius
1174 634 1260 722 quod
1286 638 1406 703 bonum
1432 638 1539 701 osset?

366 744 414 806 Ita
434 739 525 808 nobis
537 764 567 823 ‚a
587 742 663 807 viris
684 742 786 810 doctis
808 742 985 809 recentiore
1006 749 1107 809 notato
1122 745 1162 807 do
1176 744 1262 806 bono
1279 744 1362 825 opud
1377 737 1540 805 Platonem

366 844 497 928 agitatas
518 844 602 922 lites,
626 866 725 931 quum
745 845 800 912 alii
820 845 862 913 od
881 851 994 924 Deum,
1019 847 1073 911 alii
1094 844 1136 910 ad
1154 844 1257 911 ideam
1277 842 1354 911 boni
1367 846 1445 909 haee
1457 860 1540 927 quae

366 968 449 1013 οοοο
470 957 641 1035 sequantur
662 953 824 1037 portinere
845 957 1025 1026 statuerent,
1047 951 1099 1015 hio
1119 948 1219 1029 ίοουε,
1241 948 1275 1018 in
1293 967 1358 1033 qoo
1370 965 1455 1015 nuno
1468 963 1542 1009 νει»

362 1070 492 1128 samur,
525 1054 673 1119 dirimere
699 1074 794 1142 posse
817 1054 954 1121 videtur.
1001 1056 1089 1131 Quae
1110 1060 1239 1119 nostrae
1254 1040 1435 1119 'sententiae
1457 1045 1542 1115 diffi-

365 1153 503 1221 οοίίαίεε-
523 1160 650 1224 οοείοτε
676 1157 858 1235 videantur,
891 1178 945 1223 eas
970 1165 1081 1244 μοιίει
1110 1165 1284 1243 tangemus.
1329 1154 1410 1222 Tum
1432 1151 1541 1219 Solem

362 1254 465 1327 filium
486 1259 565 1326 boni
584 1263 726 1328 nominat
745 1264 794 1328 his
815 1261 922 1329 verbio
943 1280 1034 1328 usus:
1064 1262 1190 1329 Τοῦτον
1212 1260 1330 1341 τοίνυν,
1352 1246 1392 1339 ήν
1414 1252 1445 1325 δ’.
1467 1252 1541 1343 ἐγὼ,

365 1358 475 1455 φάναι
493 1389 534 1452 με
555 1367 659 1451 λέγειν
680 1361 739 1433 τὸν
758 1366 818 1432 τοῦ
841 1361 980 1452 ἀγαθοῦ
1003 1364 1152 1451 ἔκγονον,
1175 1357 1213 1431 ίίν
1234 1358 1392 1449 τάγαθὸν
1413 1362 1541 1448 ἐγέννη-

366 1489 424 1534 σεν
455 1462 621 1556 ἀνάλογον
645 1470 783 1560 ἑαυτῷ,
804 1459 916 1560 ὅτιπερ
938 1464 1021 1537 αὐτὸ
1042 1469 1076 1535 ἐν
1096 1468 1142 1561 τῷ
1162 1467 1269 1560 νοητῷ
1290 1461 1379 1557 τόπῳ
1400 1460 1494 1556 πρὸςΙ
1507 1487 1542 1529 τε

365 1571 444 1639 νοῦν
464 1576 521 1638 καί
542 1568 585 1638 τά
604 1567 776 1658 νοούμενα,
797 1573 896 1642 τοῦτο
917 1573 1035 1639 τοῦτον
1055 1572 1089 1638 ἐν
1111 1572 1156 1661 τῷ
1178 1566 1288 1663 ὁρατῷ
1309 1564 1392 1657 πρός
1406 1592 1441 1634 τε
1457 1564 1543 1662 ὄψιν

365 1669 487 1750 καὶτὰ
509 1663 669 1765 ὁρώμενα.
711 1676 758 1743 Cf.
781 1678 915 1762 p..508‚
944 1678 982 1740 B.
1013 1677 1059 1740 St.
1105 1677 1193 1740 llaec
1220 1673 1326 1741 omnia
1350 1679 1473 1739 tontum
1500 1672 1543 1736 ad

364 1776 546 1845 facultatem
566 1781 776 1864 cognoscendi
796 1788 904 1847 mento
925 1780 977 1847 vel
997 1778 1096 1846 ooolis
1116 1780 1275 1863 pertinere
1288 1796 1405 1844 omnes.
1417 1778 1540 1851 vident,

369 1884 546 1969 eodemque
566 1884 648 1955 ratio
669 1881 792 1951 oblinet
805 1882 845 1963 vin
866 1885 919 1960 iis,
948 1904 1047 1972 quae,
1078 1882 1153 1971 quia
1179 1884 1357 1949 οοοεοεετία
1382 1898 1542 1961 υοοεεεε

365 1983 572 2071 videbantur,
599 2007 665 2053 non
692 1984 926 2072 adscripsimus.
976 1989 1138 2053 Postremo
1167 1988 1313 2053 Socrates
1341 1983 1387 2051 ito
1414 1984 1539 2067 pergit:

372 2080 468 2157 Οῦτω
493 2090 603 2157 τοίνυν
629 2095 684 2157 καί
713 2076 752 2157 τὸ
774 2092 832 2172 τῆς
841 2090 964 2184 ,ψυχῆς
985 2080 1045 2157 ὦδε
1066 2086 1142 2168 νόει·
1172 2078 1253 2157 όταν
1279 2095 1339 2177 μὲν
1367 2076 1407 2155 οῦ
1434 2110 1542 2153 κατα-

367 2185 489 2280 λάμπει
511 2187 662 2275 ἀλήθειά
683 2218 716 2261 τε
737 2198 794 2263 καὶ
815 2189 854 2260 τὸ
876 2190 924 2275 ἀν,
946 2190 992 2273 εἰς
1012 2195 1110 2261 τοῦτο
1132 2189 1352 2284 ἀπερείσηται,
1373 2186 1488 2275 ἓνόηοέ
1506 2215 1542 2257 τε

366 2301 424 2369 καὶ
446 2295 536 2382 ,ἔγνω
568 2291 651 2365 αὐτὸ
680 2302 748 2365 καί·
767 2300 845 2366 νοῦν
872 2296 954 2386 ilem
982 2297 1147 2390 φαίνετον·
1169 2289 1264 2367 ,όταν
1290 2298 1325 2363 δὲ
1354 2296 1399 2373 είς
1425 2291 1464 2361 τὸ
1492 2294 1542 2387 τῷ

368 2394 475 2491 σκότῳ
489 2402 695 2491 κεκραμένον,
714 2394 753 2468 τό
766 2394 956 2489 γιγνόμενόν
977 2426 1012 2467 τε
1032 2406 1088 2467 καί
1109 2395 1342 2488 ἀπολλύμενα,
1362 2397 1492 2481 δοξάζει
1505 2421 1542 2465 τε

365 2507 424 2574 καὶ
445 2498 650 2596 ἀμβλυώττει
670 2499 737 2587 ἀνω
758 2509 814 2571 καὶ
833 2498 922 2571 κοίτω
945 2500 1005 2584 τάς
1025 2499 1125 2586 δόξας
1142 2498 1350 2592 μεταβάλλον
1365 2508 1422 2571 καί
1436 2502 1542 2569 ἔοικεν

365 2593 411 2674 αὖ
430 2608 511 2679 νοῦν
531 2602 591 2678 οῦκ
612 2606 732 2697 ἔχοντι.
766 2604 890 2676 Ἔοικεν
907 2603 982 2697 γάρ.
1004 2630 1008 2637 ’
1031 2609 1138 2676 Τοῦτο
1166 2608 1276 2676 τοίνυν
1302 2603 1341 2677 τὸ
1370 2602 1429 2689 τήν
1457 2600 1541 2687 ἀλή-

364 2713 470 2791 θειαν
499 2714 644 2800 παρέχον
675 2715 745 2790 τοῖς
775 2714 1044 2800 γιγνωσκομένοις
1062 2716 1132 2779 omi
1161 2712 1212 2803 τῷ·
1238 2704 1452 2798 γιγνώσκοντι
1478 2704 1541 2791 τήν

367 2808 506 2901 δύναμιν
526 2809 695 2883 ἀποδιδὸν.
709 2812 768 2897 τήν
787 2817 848 2883 τοῦ
868 2810 1008 2901 ἀγαθοῦ
1030 2811 1121 2883 ἰδέαν
1141 2812 1238 2906 φάθι
1258 2805 1353 2895 εἶναι,
1375 2809 1489 2881 αἰτίαν
1505 2807 1537 2879 δ’

365 2912 545 3005 ἐπιστήμης
566 2905 671 2986 οὖσαν
691 2923 748 2985 καὶ
767 2913 943 3001 ἀληθείας,
967 2914 1009 2997 ὡς
1029 2921 1287 3006 γιγνωσκομένης
1310 2924 1371 3005 μὲν
1389 2916 1539 2996 διανοοῦ,

364 3012 454 3095 ,οῦτω
481 3023 517 3089 δὲ
544 3021 652 3090 καλῶν
678 3016 877 3114 ἀμφοτέρων
906 3018 1026 3104 ὄντων,
1044 3017 1198 3108 γνώσεώς
1220 3046 1253 3090 τε
1275 3026 1331 3089 καὶ
1353 3016 1537 3103 ἀληθείας,

367 3121 452 3191 ἀλλο
479 3128 534 3192 καὶ
562 3119 698 3193 κάλλιον
724 3124 771 3196 ἔτι
799 3120 924 3197 τούτων
951 3119 1129 3213 ἡγούμενος
1161 3121 1243 3193 αῦτδ
1275 3121 1391 3217 ὀρθῶς
1420 3119 1538 3218 ἡγήσῃ·

367 3222 547 3315 ἐπιστήμην
568 3230 604 3295 δὲ
625 3233 681 3295 καί
702 3222 881 3311 ἀλήθειαν,
906 3219 1012 3320 ίίοπερ
1034 3230 1102 3296 ἐκεῖ
1119 3230 1189 3322 φῶς
1211 3234 1320 3297 τεκαὶ
1343 3225 1426 3322 ὄψιν
1445 3222 1539 3309 ήλιο-

367 3333 439 3414 ειδή
465 3338 524 3419 μὲν
549 3331 689 3419 νομίζειν
713 3326 840 3421 ὀρθὸν,
868 3323 961 3411 ήλιον
990 3335 1025 3400 δὲ
1052 3327 1212 3419 ἡγεῖσθαι
1239 3328 1302 3400 οῦκ
1325 3327 1441 3424 ὀρθῶς
1462 3331 1537 3420 ἔχει,

368 3424 454 3502 οῦτοι
485 3439 543 3504 καὶ
572 3436 725 3505 ἐνταῦθα
757 3429 946 3520 ἀγαθοειδῆ
978 3443 1038 3523 μὲν
1065 3434 1204 3523 νομίζειν
1236 3431 1325 3504 ταῦτ’
1360 3430 1538 3527 ἀμφότερα

369 3532 496 3628 ὀρθὸν,
523 3533 661 3625 ἀγαθόν
682 3541 717 3605 δὲ
739 3532 900 3625 ήγεῖοθαι
918 3533 1079 3631 ’ὁπότερον
1101 3535 1207 3607 αὐτῶν
1228 3534 1288 3607 οῦν
1309 3535 1435 3631 ὀρθὸν,
1464 3533 1535 3605 ἀλλ’

369 3640 417 3709 ἔτι
429 3636 590 3731 μειζόνως
611 3644 762 3728 τιμητέον
781 3639 842 3723 τήν
863 3642 922 3709 τοῦ
942 3637 1082 3729 ἀγαθοῦ
1100 3642 1172 3725 ἕξιν.
1203 3637 1391 3731 Ἀμήχανον
1404 3636 1537 3732 κάλλος,

368 3744 449 3837 ἔφη,
476 3748 592 3831 λέγεις,
620 3741 652 3813 εί
676 3740 855 3832 ἐπιστήμην
874 3752 934 3833 μὲν
955 3751 1008 3813 καί
1032 3740 1197 3828 ἀλήθειαν
1218 3754 1366 3835 παρέχει,
1395 3741 1478 3816 αῦτό
1502 3741 1534 3812 δ’
1567 3826 1570 3833 Δ

368 3843 450 3935 ὑπὲρ
475 3849 585 3938 ,ταῦτα
612 3842 723 3916 κοίλλει
750 3849 846 3915 ἐστίν·
874 3844 912 3916 οῦ
939 3844 1003 3940 γάρ
1030 3846 1070 3931 δή
1099 3874 1164 3918 που
1186 3844 1225 3917 οῦ
1247 3875 1283 3937 γε
1305 3844 1424 3931 ήδονήυ
1451 3844 1537 3917 αῦτὸ

370 3953 481 4037 λέγεις.
521 3945 692 4045 Εὐφήμει,
723 3938 816 4033 τήνδ’
841 3948 910 4039 ἐγώ·
939 3948 1007 4021 ἀλλ’
1037 3943 1097 4020 ὧδε
1112 3954 1244 4039 ’μᾶλλον
1265 3950 1325 4037 τήν
1345 3948 1455 4021 εἰκόνα
1477 3951 1537 4023 αῦ-

369 4054 429 4122 τοῦ
451 4052 500 4121 ἔτι
524 4050 701 4124 ἐπισκόπει.
742 4056 837 4140 Πῦςς
861 4053 955 4124 ΙΤὸν
979 4046 1102 4139 ήλιον
1121 4062 1212 4136 τοῖς
1239 4052 1468 4147 ὁρωμένοις
1489 4054 1535 4127 οῦ

368 4152 514 4247 μόνον,
543 4146 676 4245 οἶμαι,
714 4154 785 4240 τήν
815 4159 889 4227 τοῦ
916 4154 1112 4251 όρῦσθαι
1140 4153 1319 4251 διίναμιν
1345 4166 1536 4252 παρέχειν

363 4255 535 4357 φήσεις,
557 4257 659 4333 ἀλλὰ
679 4266 752 4333 καί
773 4260 846 4346 τήν
866 4265 1020 4351 γένεσιν
1040 4268 1110 4333 καί
1131 4260 1255 4348 αῦξην
1276 4271 1342 4335 καί
1362 4264 1534 4361 τροφήν,
