3334 5142
832 405 1064 517 -ειε-ιέ

358 608 474 699 μείζων
492 606 682 695 ’ἐκβαίνει
666 632 701 677 εκ
716 610 751 677 δέ
763 606 803 692 δὴ
818 610 882 678 τῶν
893 609 1133 705 ξυμβολαίων”
1113 636 1239 703 εργεται
1256 599 1319 681 ε’πλ
1320 608 1400 693 τοίς
1414 608 1541 721 νόμους

362 720 417 781 και
407 709 642 792 πολιτείας
607 737 667 781 συν
679 701 833 809 πολλῇ,
810 741 835 780 ω
850 709 1046 802 Σίόκρατες,
1064 708 1267 809 ἇσελγείρι,”
1250 744 1320 797 εως
1343 714 1388 784 6v
1404 713 1541 787 τελευ-

357 817 472 884 τῶσα
491 812 629 885 πάντα
647 812 734 884 ἰδία
755 821 825 883 και
839 814 1071 909 δημοσίιγ’
1052 823 1276 914 ανατρέψη
1312 809 1451 903 Εἶεν,
1428 847 1472 909 ην
1493 819 1538 890 δ’

358 915 428 1007 ἐγώ·
444 910 529 988 οότω
541 916 626 987 τοῦτ’
640 921 716 1009 ἔχει·
740 921 840 989 Δοκεῖ
845 946 913 1010 μοι,
936 920 1009 1012 ἔφη.
1036 916 1192 989 Οὐκοῦν
1177 947 1195 988 ο
1208 919 1270 1003 ἐξ
1251 924 1352 1013 αρχῆς
1369 926 1540 1013 ἐλέγομεν,

360 1029 430 1107 τοῖς
459 1018 630 1113 ἡμετέροις
657 1030 771 1092 παισὶν
792 1027 1017 1113 ἐννομωτέρου
1032 1021 1146 1105 εὐθὺς
1174 1029 1311 1105 παιδιᾶς
1337 1032 1540 1114 μεθεκτέον,

358 1123 401 1206 ὡς
419 1123 618 1215 παρανόμου
639 1131 830 1215 γιγνομένης
853 1124 956 1216 αὐτῆς
977 1133 1033 1196 καί
1044 1130 1180 1197 παίδων
1201 1126 1360 1198 τοιούτων
1381 1128 1542 1220 ἐννόμους

360 1253 393 1299 τε
414 1236 472 1298 καὶ
493 1231 694 1310 σπουδαίους
715 1230 749 1313 ἐξ
776 1228 883 1299 αὐτῶν
911 1222 1034 1320 ἄνδρας
1056 1229 1264 1315 αυξάνεσθαι
1283 1229 1502 1303 ἆδόνατον”
1480 1260 1541 1319 ev,-

360 1329 484 1413 1169'6'
502 1330 591 1422 οὐχίς
612 1334 686 1426 ἔφη.
709 1326 821 1402 ‘Otav
835 1333 875 1421 δὴ
891 1332 957 1426 όίρα
972 1336 1078 1417 καλῶς
1093 1332 1267 1427 ἀρξόμενοι
1285 1340 1399 1417 παῖδες
1413 1340 1542 1421 παίζειν

361 1434 513 1525 εὐνομίαν
535 1435 591 1505 διὰ
612 1440 671 1521 τῆς
690 1440 853 1525 μουσικῆς
863 1434 1083 1522 είςδέξωνται,
1105 1436 1205 1508 πόλιν
1220 1436 1410 1510 τούναντίον
1424 1438 1446 1525 ἢ
1461 1442 1542 1509 ἐκεί-

362 1566 433 1622 νοις
448 1538 494 1621 είς
521 1538 631 1613 πάντα
662 1542 830 1623 ξυνίπεταί
851 1568 885 1610 τε
911 1549 966 1611 καὶ
995 1541 1084 1627 αὕξει
1118 1544 1358 1634 ἐπανορθοῦσα
1380 1547 1414 1613 εἴ
1429 1551 1542 1614 τεκαὶ

361 1634 525 1739 πρότερον
545 1646 602 1728 τῆς
622 1641 747 1724 πόλεως
767 1645 883 1713 ἔκειτο.
912 1639 1051 1735 Ἀληθῆ
1071 1651 1197 1735 μέντοι,
1220 1648 1294 1743 ἔφη.
1357 1656 1364 1677 ”
1400 1666 1407 1681 ·

365 1774 368 1778 ’
418 1753 514 1815 'Iam
536 1770 614 1817 vero
632 1750 738 1817 ‘omitti
759 1769 822 1815 nen
848 1758 968 1838 potest,
998 1746 1083 1837 qubd
1112 1751 1162 1843 vel
1188 1752 1221 1818 in
1247 1755 1333 1839 vulgi
1359 1775 1541 1829 sermonem

362 1853 459 1920 abiit:
482 1856 681 1920 Miseriarum
695 1852 796 1919 finem
811 1854 1002 1921 'civilatibus
1024 1858 1166 1957 futurum!
1189 1858 1253 1922 n'on
1275 1880 1362 1937 esse,
1391 1859 1453 1925 nisi
1466 1861 1541 1944 phi·

359 1958 487 2046 lo'sophi
506 1957 675 2042 imperium
697 1964 844 2033 teneant,
871 1961 1046 2045 perfectam·
1070 1980 1148 2025 vero
1171 1960 1328 2027 civitatem
1350 1960 1419 2027 fieri
1447 1962 1541 2029 aliter

363 2081 428 2128 non
449 2069 566 2149 posse,
601 2083 695 2146 quam
725 2062 751 2127 si
776 2062 954 2150 philosophi
973 2062 1152 2147 ‘imperium
1173 2072 1316 2130 ‘teneant
1345 2066 1410 2131 'Cf.
1428 2066 1483 2132 lib.
1500 2072 1539 2135 V.

360 2169 424 2232 4⁷3
439 2187 483 2230 m.
501 2163 546 2231 st.
561 2159 646 2232 ’Ἔόιν
665 2161 744 2253 μὴ,
758 2151 798 2246 ἦν
819 2165 854 2231 δ’
877 2163 952 2251 ἐγὼ,
975 2163 1002 2253 ἢ
1032 2170 1062 2233 σί
1084 2162 1270 2260 φιλόσοφοι
1296 2165 1540 2255 βασιλεύσωσιν

363 2270 396 2336 ἒν
417 2272 491 2347 ταῖς
512 2262 668 2350 πόλεσιν,
691 2264 716 2354 ἢ
736 2271 768 2333 οἱ
787 2270 937 2353 βασιλεῖς
965 2293 999 2335 τε
1014 2272 1076 2336 νῦν
1105 2266 1273 2357 λεγόμενοι
1299 2278 1355 2339 καὶ
1377 2268 1540 2341 δυνάσται

363 2366 644 2464 φιλοσοφήσωσι
649 2373 787 2458 γνησίως
815 2396 850 2438 τε
876 2374 971 2439 καὶ(
960 2396 1092 2454 ικανως,
1127 2378 1188 2439 καὶ
1211 2374 1309 2441 τοῦτο
1339 2400 1385 2455 εις
1412 2372 1537 2443 ταύτὸν

364 2476 524 2571 ξυμπὲσγ,
547 2470 684 2574 δύναμίς
704 2500 739 2542 τε
758 2474 910 2619 πολιτικη
943 2480 999 2542 καὶ
1025 2477 1229 2605 φιλοσοιγία,
1258 2480 1321 2546 τῶν
1342 2480 1438 2546 δὲ
1399 2504 1457 2547 νυν
1478 2506 1539 2569 πο-

362 2671 574 2762 κλεισθῶσιν,
597 2678 656 2750 οὐκ
671 2681 719 2761 ἕςι
734 2682 841 2749 κακῶν
850 2668 1026 2761 παῦλα,
1003 2708 1028 2749 ω
1041 2683 1114 2775 φίλε
1129 2674 1302 2767 Ιλαόκων,
1324 2654 1398 2765 ταῖς
1409 2680 1539 2766 πόλεσι,

366 2787 453 2855 δοκῶ
475 2790 510 2853 δέ
533 2782 609 2853 ουδὲ
638 2812 682 2879 τῳ
668 2782 907 2878 ἆνθρωπίνω
936 2788 1036 2872 γένει,
1065 2781 1141 2854 οὐδὲ
1170 2778 1252 2870 αίίτη
1274 2816 1294 2869 η
1303 2789 1466 2856 πολιτεία
1492 2784 1538 2915 μή

365 2915 444 2959 ποτε
465 2881 626 2981 πρότερον
647 2891 759 2984 φυῇ
738 2914 773 2956 τε
798 2884 862 2968 είς
872 2886 910 2955 τὸ
933 2886 1074 2957 δυνατὸν
1103 2897 1158 2957 καὶ
1181 2893 1251 2984 φῶς
1280 2886 1373 2973 ἡλίου
1403 2884 1523 2987 ίδη,ι
1502 2918 1541 2973 ην

357 3020 422 3064 ,νυν
443 2989 529 3087 λόγω
552 2970 806 3079 διεληλύθαμεν.
856 2993 951 3059 cuius
974 2992 1060 3062 effati
1091 2995 1330 3081 sententiaque
1354 2996 1504 3062 melius
1494 3018 1542 3062 m·

359 3064 540 3184 ·λελλίςυλυέ,
570 3097 686 3164 addere
714 3098 817 3181 placet
842 3098 921 3187 qseae
948 3100 1028 3163 sexti
1051 3096 1125 3164 libri
1153 3099 1242 3165 initio
1275 3102 1441 3185 leguntur:
1470 3104 1541 3165 Non

365 3202 494 3270 differre
519 3224 539 3267 a
561 3203 662 3267 caeeis
689 3188 745 3288 qui
766 3221 902 3267 summes
924 3222 1030 3266 rerum
1056 3206 1175 3289 speeies
1200 3202 1219 3269 i.
1243 3190 1270 3273 e.
1292 3203 1379 3269 ideas
1392 3204 1543 3287 ignoran-

364 3316 431 3384 tes,
455 3309 495 3372 οδ
522 3305 575 3373 issa
604 3305 813 3392 exemplaria,
834 3309 991 3389 'tanquam
1020 3304 1175 3389 ρίοῑοτοε,
1205 3326 1238 3371 se
1266 3315 1451 3373 convertere
1478 3331 1541 3373 non

365 3410 506 3504 valeant,
528 3430 587 3475 nec
609 3411 649 3475 ed
671 3420 783 3476 eorum
805 3429 949 3499 normam
972 3407 1058 3494 leges
1077 3408 1116 3475 de
1141 3409 1293 3493 pulchre,
1324 3411 1423 3487 iusto,
1455 3414 1542 3477 bono

363 3516 470 3592 ferre,
494 3516 522 3579 si
542 3516 628 3579 ferre
656 3525 784 3579 necesse
810 3512 870 3588 sit,
895 3520 948 3578 aut
971 3511 1048 3579 latas
1075 3534 1272 3582 conservare.
1325 3514 1371 3579 cf.
1394 3514 1462 3579 Pol.
1486 3512 1540 3579 lib.

364 3622 418 3691 VI.
467 3623 503 3686 ln
534 3621 667 3684 eandem
699 3619 885 3703 sententiam
911 3616 1051 3701 ¹scriptus
1084 3624 1130 3683 est
1156 3620 1184 3682 is
1208 3617 1315 3706 λοδοε,
1339 3640 1407 3704 ημο
1436 3620 1541 3703 philo-

357 3713 484 3809 ‘sophes
504 3721 742 3789 convenientem
762 3723 824 3787 sihi
838 3722 1073 3803 ¹rempublicam
1094 3728 1202 3786 nactos
1231 3724 1346 3787 omnia·
1362 3730 1394 3787 et
1418 3722 1542 3805 privata

353 3838 399 3895 et
421 3827 550 3917 publiea
572 3845 699 3891 servare
722 3824 807 3890 dicit.
833 3821 897 3891 ·cf.
923 3824 977 3889 lib.
998 3826 1050 3889 VI.
1073 3844 1103 3910 ρ.
1125 3827 1201 3890 497..
1219 3828 1261 3893 in.
1284 3830 1329 3891 st.
1349 3820 1456 3892 Ἀλλά
1478 3850 1541 3904 τοι,

363 3920 484 4017 ηδ’“’
465 3957 517 4011 ος,
538 3925 577 3998 οὐ
600 3926 642 3996 τὰ
660 3923 841 4016 έλοίχιςα“
819 3950 860 3994 αν
883 3923 1143 4046 διαπραξόμενος
1164 3924 1423 3995 ἀπαλλάττοιτο
1459 3924 1543 3995 Οόδέ

365 4063 412 4125 γε,
434 4026 540 4115 εἷπον,
562 4029 605 4136 τόι
618 4036 755 4119 μέγιςα,
776 4028 821 4119 μὴ
851 4027 954 4119 τυχὼν
975 4033 1140 4131 πολιτείας
1158 4026 1394 4149 προσηκούσης
1419 4032 1452 4098 ἐν
1476 4028 1540 4150 γὰρ

366 4133 587 4233 προσηκοόση
587 4131 700 4216 αὐτός
726 4160 759 4202 τε
781 4136 908 4260 μᾶλλον
930 4128 1106 4216 αὐξησεται
1122 4141 1177 4227 καί
1199 4136 1297 4223 μετὰ
1304 4135 1366 4203 τῶν
1388 4130 1479 4203 ἰδίων
1498 4131 1541 4200 τὰ

370 4240 465 4313 κοινοί
486 4237 593 4310 σώσει.

452 4350 545 4415 Haud
572 4344 702 4413 minem
733 4341 885 4412 momenti
911 4343 1036 4410 videtur
1066 4364 1136 4412 esse
1160 4343 1188 4411 is
1217 4343 1322 4422 loeus,
1352 4362 1416 4429 quo
1445 4344 1538 4409 Plato
