3334 5142
601 416 813 485 ana

131 568 261 660 aui'iioa
282 578 407 655 τὸάτων
431 581 562 679 ἀδελφὰ
586 591 642 654 καὶ
671 568 713 654 're
730 568 865 654 τούτων
892 572 935 655 αὖ
963 582 1092 654 ἐναντία
1105 581 1292 678 ’πανταχοιί

130 684 358 785 περιφερόμενα
383 692 585 783 γνωρίζωμεν
611 694 667 758 καλ
701 685 816 757 ἐνόντα
843 690 879 756 ’ἐν
905 682 954 769 οἷς
984 690 1094 785 ἔνεςιν
1118 686 1293 758 αἰσθανώ-

128 800 213 885 μεθα
230 798 290 860 ’καί
309 790 401 860 ὀιάτά
422 798 478 861 καί
499 788 627 873 εἰκόνας
649 789 771 875 αὐτῶν,
799 798 856 860 καί
879 788 963 880 μήτε
984 795 1018 861 ἐν
1037 798 1188 886 σμικροῖς
1210 789 1292 882 μήτε

128 905 158 969 ἐν
178 892 331 986 μεγάλοες
352 892 566 986 ἀτιμάζωμεν,
591 892 679 977 ἀλλά
691 891 759 979 Ιτῆς
781 892 883 979 αὐτῆς
896 892 1059 985 ὀἰώμεθα
1078 900 1193 987 ’τέχνης
1208 888 1293 967 εἶναι

128 1008 177 1073 καὶ
199 994 350 1089 petitum
384 998 501 1085 Πολλὴ
532 996 676 1087 ἀνάγκη,
704 1000 778 1094 ἔφη.
822 999 920 1069 Vides
942 1022 999 1067 cur
1019 1001 1070 1069 hic
1091 1002 1294 1071 nominentur

127 1104 239 1196 species
259 1106 498 1192 temperantiae,
526 1104 736 1180 fortitudinis,
765 1104 864 1188 aliae,
895 1114 1037 1171 taceatur
1061 1105 1195 1184 iustitia,
1229 1128 1291 1194 qua
1390 1102 1392 1108 ’

125 1212 188 1280 iiias
216 1208 439 1296 comprehendi
470 1208 571 1275 serius
609 1207 738 1297 patebit.
778 1206 954 1277 'Praemisit
982 1218 1086 1275 autem
1116 1210 1190 1278 huic
1220 1208 1290 1277 loeo

126 1316 205 1383 Pisto
229 1312 397 1389 nonnulla,
413 1332 509 1401 ‘quae
529 1320 623 1379 recte·
637 1312 677 1380 ad
699 1307 927 1379 defendendam
949 1322 1088 1381 nostram
1112 1312 1152 1381 de
1176 1316 1290 1399 Operis

126 1420 181 1487 fine
209 1415 394 1483 sententiam
421 1436 517 1500 supra
545 1414 726 1483 adhibuisse
756 1416 849 1483 nobis
882 1414 1042 1492 uidemur,
1080 1435 1160 1511 quae
1185 1417 1289 1484 denuo

125 1522 228 1590 iecteri
251 1520 288 1586 in
310 1520 495 1586 memoriam
519 1526 686 1587 revocasse
708 1541 772 1587 non
793 1518 975 1608 poenitebit.
1018 1519 1064 1591 Gi.
1086 1542 1118 1608 p.
1143 1522 1224 1599 tue,
1253 1512 1289 1588 B.

126 1620 504 1695 Οὐκοῦν-παντάπασι
517 1631 578 1711 μέν
590 1612 657 1693 οὖν.
676 1628 754 1690 Nam
770 1624 825 1713 qui
840 1628 970 1692 virtutes
984 1627 1067 1713 ipsas
1081 1624 1292 1713 iustitiamque

127 1751 183 1796 non
204 1728 359 1814 cognovit,
382 1724 436 1816 qui
462 1731 490 1795 is
513 1748 622 1794 earum
641 1728 793 1813 imagines
814 1748 1007 1814 cognoscere
1030 1728 1174 1817 poterit,
1189 1729 1291 1816 qualis

128 1844 169 1900 est
191 1832 391 1920 ipsa'civitas
411 1852 452 1898 ex
473 1842 577 1898 mente
591 1832 748 1899 Platonis?
770 1829 953 1900 -uinitur
972 1838 1050 1899 haec
1072 1826 1291 1921 disputationis
1361 1851 1366 1864 ¹

127 1958 193 2025 pars
214 1925 381 2023 aptissime
394 1935 661 2023 praestantissimo
683 1938 716 2002 in
739 1957 880 2003 amorem
900 1934 1010 2027 pulcri·
1025 1936 1140 2023 elogio,
1166 1960 1199 2026 p.
1230 1935 1293 2005 tot

127 2047 150 2108 i)
170 2076 210 2091 -
231 2037 304 2116 toa,
327 2042 375 2117 C„
398 2040 504 2107 habita
517 2040 636 2106 diserte
649 2043 772 2107 ratione
786 2037 999 2128 Reipublicae,
1020 2045 1074 2107 'cui
1093 2040 1173 2108 huuc
1190 2041 1292 2125 legem

126 2138 197 2211 ferri
218 2142 378 2222 videmus,
392 2146 395 2152 ’
410 2136 502 2211 Οίίτω
528 2141 578 2225 δὴ,
604 2138 647 2222 ὡς
669 2144 768 2221 ἔοικε,
790 2140 1031 2233 νομοθετήσεις
1052 2147 1086 2212 ἐν
1107 2146 1147 2242 τῇ
1172 2141 1292 2226 οἰκιζο-

126 2253 198 2344 μένῃ
221 2245 326 2327 πόλει,
354 2252 462 2342 φιλεῖν
484 2248 624 2334 μίνκαί
648 2246 786 2328 ξυνεῖναι
809 2254 865 2315 καί
887 2240 1059 2316 ’ἅπτεσθαι
1081 2239 1187 2339 ὥσπερ
1207 2250 1294 2343 υἱέος

127 2354 286 2420 παιδικῶν
307 2347 448 2444 ἐραστὴν
474 2352 538 2419 τῶν
565 2348 691 2418 καλῶν·
702 2346 818 2443 χάρεν,
851 2348 1051 2447 ίὰνπείθργ·
1081 2348 1124 2419 τά
1151 2348 1181 2419 δ’
1205 2349 1293 2418 ἀλλα

128 2448 223 2535 οίίτως
252 2450 378 2544 ὁμιλεῖν
409 2452 492 2547 πρὸς
524 2445 562 2522 όν
589 2454 644 2533 τις1
670 2450 870 2550 σπουιίάζοιξ
909 2447 996 2534 ὅπως
1019 2454 1180 2543 μηδέποτε
1208 2452 1293 2537 δόξει

127 2555 309 2652 μακρότερα
324 2555 448 2627 τούτων
468 2559 722 2647 ξυγγίγνεσθαι·
743 2555 775 2625 εί
793 2562 828 2625 δὲ
849 2556 905 2645 pig
928 2554 1040 2653 ψόγον
1061 2554 1224 2647 ἀμουσίας
1239 2564 1293 2626 καί

128 2660 354 2754 ἀπειροκαλίας
376 2658 548 2758 ὑφέξοντα.
572 2684 604 2751 p.
627 2659 699 2739 tot,
722 2665 757 2728 Β.
777 2684 820 2729 en
842 2662 966 2763 virtutis
981 2670 1092 2732 natura
1113 2661 1290 2748 repetitam.

129 2766 573 2854 cwmn2'·
893 2768 1010 2788 ··

554 3047 852 3115 mom·

205 3275 287 3337 Tum
313 3268 420 3337 dicere
447 3270 595 3335 eomes
618 3266 728 3355 incipit
754 3270 796 3332 de
823 3250 1026 3353 gymnastico.
1072 3269 1233 3333 Sermonis
1255 3282 1293 3333 aa

128 3374 164 3443 de
183 3371 631 3459 re·¹haiiiti·1principiumlsoc
653 3381 722 3438 est:
746 3374 816 3437 Non
839 3370 940 3438 videri
958 3368 1040 3437 bene
1063 3369 1207 3437 effoetum
1224 3389 1293 3436 eor-

128 3500 182 3564 pus
206 3497 263 3545 sus
286 3480 402 3545 virtute
421 3480 558 3544 animam
584 3473 861 3553 bonumreddere,
884 3478 939 3549 sed
959 3480 1068 3541 contra
1090 3471 1207 3540 bouum
1227 3474 1294 3539 aui·

121 3595 206 3651 'mum
228 3604 287 3649 sna
307 3581 423 3647 virtute
444 3576 559 3667 eorpus
578 3579 716 3647 reddere
735 3588 828 3667 quam
848 3578 1012 3667 optimum.
1055 3581 1173 3665 itaque,
1196 3598 1292 3663 quum

128 3694 258 3753 mentem
278 3690 361 3751 hene
377 3684 554 3761 instituerit,
579 3688 612 3749 h.
636 3704 665 3749 e.
685 3683 811 3750 virtutis
832 3683 899 3750 sive
920 3680 1058 3749 iustitiae
1072 3686 1246 3767 ‘praecepta
1260 3683 1293 3746 in

127 3807 295 3877 puerorum
316 3792 500 3855 edneadone
525 3796 652 3855 strenue
677 3797 801 3853 secutus
823 3792 880 3863 sit,
902 3806 965 3851 non
987 3804 1067 3872 opus
1092 3802 1162 3851 esse
1187 3780 1297 3871 putati

128 3902 163 3960 ut
185 3894 225 3961 de
249 3895 290 3970 iis
316 3913 398 3981 quae
424 3891 464 3958 ad
489 3912 605 3979 corpus
631 3894 809 3976 pertineant
837 3888 934 3957 multe
960 3888 1056 3967 dicat;
1090 3888 1133 3954 ob
1159 3906 1293 3973 umque

129 4018 249 4063 cansam
267 3992 391 4074 τόπους
411 4003 531 4062 tautum
553 4000 706 4084 quosdam
732 4016 842 4061 eorum
867 4006 948 4081 quae
971 3989 1168 4058 observande
1182 3991 1243 4057 sint
1259 4010 1293 4056 se

129 4101 311 4167 traditurum
332 4114 402 4167 esse
428 4100 573 4170 declarat.
603 4100 799 4183 ‘demovisse
825 4118 861 4164 se
886 4098 984 4182 igitur
1004 4093 1294 4161 vinolentismmo-

130 4215 189 4269 net.
233 4206 339 4270 Cuivis
360 4208 444 4271 enim
464 4204 564 4290 magis
583 4202 733 4279 concedi,
764 4223 858 4289 qnam
886 4199 1022 4274 custodi,
1053 4198 1293 4267 ebrioueseire

130 4307 181 4373 ubi
190 4314 344 4375 tertuum
356 4307 406 4386 sit,
422 4311 456 4375 et
464 4306 645 4385 ridieuium',
661 4306 827 4375 custodem
834 4304 972 4393 custodis
991 4305 1142 4391 indigere.
1170 4300 1291 4373 Deinde
