3334 5142
622 422 861 499 -313-

158 580 276 682 ορίίιιιει
289 612 438 699 quaeque
451 590 593 680 ingenia,
620 599 702 681 quae
718 590 801 659 'male
823 594 1013 675 educentur,
1040 587 1178 675 pe'esimn
1194 586 1332 653 evadere
1407 664 1409 673 Ι

156 697 278 776 asserit.
319 701 396 763 Nam
422 693 464 763 τά
483 693 611 783 μεγάλα
633 692 822 783 ἀδικήματα
843 690 1080 782 extremamque
1103 690 1275 779 nequitiam
1292 710 1332 757 ex

158 805 207 868 his
237 796 418 924 procedere
457 794 503 865 cf
532 798 587 871 lib.
616 803 710 885 le.
736 802 809 867 691.
832 802 878 866 Sl.
917 798 1038 885 Λαβοῦ
1068 798 1200 899 τοίνυν,
1218 782 1330 918 62¹6

158 902 236 991 ε’γῶ,
257 897 337 972 ύλου
359 900 463 971 αὐτοῦ
485 889 614 994 ὀρθῶς,
638 910 693 972 καί
715 928 770 971 σοι
793 897 928 985 εύδηλόν
950 927 983 969 τε
1007 904 1161 1022 φανεῖται
1193 904 1250 967 καί
1267 894 1332 969 ,οὐκ

158 1005 269 1083 ἀτοπα
291 1003 436 1091 δόξει
400 1034 442 1074 τα
462 1010 681 1130 προειρημένα
707 1014 780 1134 περὶ
809 1003 927 1075 αὐτῶν.
957 1006 1044 1085 Πῶς
1065 990 1140 1086 οὖν,
1145 1002 1231 1131 666
1241 1056 1253 1092 ,
1281 1028 1333 1070 κε-

156 1108 276 1239 λείας,
297 1108 448 1193 Παντὸς,
469 1099 511 1193 ῆν
525 1107 614 1178 6
559 1136 634 1196 εγω,
653 1114 848 1232 σπέρματος
859 1112 933 1204 πέρι
947 1104 968 1191 6
981 1108 1104 1197 φυτοῦ,
1122 1108 1190 1174 εἴτε
1204 1106 1334 1232 ἐγγείων

154 1217 218 1283 εἴτε
240 1217 303 1283 τῶν
316 1210 462 1298 ζῶων,”
443 1238 545 1307 ισμεν,
560 1206 613 1282 ύτι
627 1212 666 1281 τὸ
676 1212 722 1301 μῆ
739 1212 836 1339 τρχύν
839 1212 988 1342 τροφῆς
991 1202 1033 1298 ῆς
1043 1206 1201 1333 προσηκει
1216 1205 1331 1304 έκάςφ,

152 1312 238 1409 μήδ’
268 1310 361 1407 ῶρας
389 1319 474 1405 μηδὲ
503 1315 623 1396 τόπου,
657 1309 724 1412 666
755 1314 818 1385 ἀν
831 1316 1082 1437 ἐρ’ῥωμενὲςερον
1116 1301 1152 1410 ᾖ,
1185 1309 1332 1408 τοσούτιρ

154 1418 314 1491 πλειόνων
335 1413 421 1491 ἐνδεῖ
437 1422 501 1490 τῶν
520 1416 719 1512 πρεπόντων
739 1405 867 1515 ἀγαθῶ
888 1415 952 1510 γάρ
974 1445 1039 1487 που
1061 1414 1163 1486 κακὸν
1183 1413 1333 1486 ἐναντιῶ-

156 1548 252 1619 τερον
278 1522 300 1646 6
328 1527 374 1620 16
400 1522 446 1646 66
474 1522 608 1653 ἀγαθῶ.
640 1526 719 1605 Πῶς
747 1522 779 1593 6'
804 1522 861 1607 063
882 1522 972 1613 ’Έχει
1003 1519 1090 1605 66,
1092 1513 1203 1642 οἶμαι,
1233 1516 1333 1607 λόγον

156 1627 215 1713 τῆν
235 1624 356 1720 ἀρίςην
372 1624 474 1723 φύσιν
496 1630 529 1698 ’ἐν
550 1625 808 1720 ἀλλοτριωτέρᾳ
823 1615 929 1695 οὖσαν
954 1626 1066 1755 τρρφῆ
1089 1622 1205 1695 κάκίον
1227 1622 1333 1693 ἀπαλ-

156 1726 348 1800 λάττειν
305 1758 364 1816 της
384 1729 528 1854 φαύλμ.ς
563 1730 686 1822 Ε’χείί
700 1728 842 1853 Ούκοῆν,
864 1717 1004 1818 ῆνδΗ
989 1727 1069 1816 εγῶ,
1092 1757 1116 1797 ω
1100 1717 1331 1831 ςἈδείμαντε,

156 1842 212 1903 καὶ
233 1834 293 1916 τάς
312 1835 424 1931 ψυχάς
446 1829 531 1905 οὕτω
553 1838 687 1957 φῶμεν
686 1832 746 1915 τὰς
766 1829 972 1928 εύφυεςάτας
987 1834 1092 1958 κακῆς
1106 1826 1334 1919 παιδαγωγίας

155 1935 319 2029 τυχούσας
327 1935 574 2069 διαφερύντφς
607 1938 713 2037 κακάς
735 1934 988 2025 γίγνεσθαι;
971 1967 992 2023 6
1026 1938 1099 2003 οἴει
1132 1934 1186 2003 τά
1206 1932 1334 2059 μἐγάλα

156 2040 346 2131 ἀδικήματα
368 2050 424 2111 καὶ
444 2041 506 2131 τῆν
526 2040 673 2161 ἀκρατον
698 2043 859 2131 πονηρίαν
888 2044 922 2108 ἐκ
944 2035 1091 2161 φαύλης,
1117 2036 1191 2108 ·’ἀλλ
1217 2037 1334 2109 ούκκ
1299 2044 1334 2110 6

154 2148 304 2237 νεανικῆς
325 2143 454 2240 φύσεως
471 2169 583 2242 τροφη
567 2148 794 2234 διολομένης
814 2146 1010 2233 γίγνεσθαι,
1029 2140 1168 2230 ἀσθενῆ
1181 2146 1220 2211 δὲ
1232 2141 1334 2239 φύσιν

154 2246 304 2339 μεγάλων
324 2248 398 2318 οὔτε
420 2246 563 2337 ἀγαθῶν
585 2246 659 2318 ούτε
681 2250 789 2316 κακῶν
814 2245 926 2316 αἰτίαν
951 2256 1030 2316 ποτὲ
1054 2247 1214 2329 ἕσεσθαι;
1250 2245 1334 2332 Οὐκ,

156 2349 258 2477 ἀλλά,
280 2340 303 2440 ῆ
326 2344 434 2435 6²63,
456 2345 574 2433 οὕτως.
607 2348 677 2421 Ἢν
688 2353 797 2420 τοίνυν
808 2351 929 2440 ἔθεμεν
940 2352 1001 2420 τοῦ
1016 2346 1208 2475 616066606
1221 2347 1334 2473 φύσιν,

158 2453 202 2524 ἀν
222 2464 298 2545 μὲν,
321 2449 431 2543 οἶμαι,
452 2452 650 2545 μαθῆσεως
656 2452 886 2582 πρασηκούσρς
907 2451 1004 2551 τύχῃ,
1028 2452 1073 2534 εἰς
1091 2452 1335 2545 πάσανάρετῆν

156 2556 282 2647 ἀνάγκη
309 2557 549 2682 αὐξανομένην
566 2556 850 2684 ἀφικνεῖσθμι,
834 2558 897 2629 εάν
923 2564 958 2627 δὲ
984 2556 1031 2647 66
1058 2560 1092 2627 ἐν
1119 2555 1332 2683 προσηκούσῃ

156 2659 319 2755 σπαρεῖσά
340 2668 452 2731 τεκαὶ
474 2667 684 2757 φυτευθεῖσα
706 2666 885 2757 τρέφηται,
908 2688 954 2743 εις
974 2659 1082 2731 πάντα
1096 2658 1255 2731 τάναντία
1268 2651 1331 2741 αὖ,

156 2764 213 2835 ἐὰν
231 2794 278 2855 μη
301 2792 351 2848 τις
372 2763 455 2862 6666
440 2762 658 2853 βοηθήσας
679 2768 770 2833 θεων
785 2791 874 2862 τυχη
925 2764 976 2835 Τά
991 2763 1119 2855 μεγαλα
1135 2774 1238 2833 aulem
1261 2763 1334 2834 ἀδι-
1384 2781 1389 2788 ’

155 2859 288 2957 κῆματα
303 2870 520 2938 suntl’latoni
526 2871 687 2937 civitatum
702 2873 910 2937 eversiones.¹
931 2870 977 2936 cf.
995 2869 1051 2937 lib.
1071 2874 1123 2943 lv.
1140 2892 1172 2958 p.
1189 2872 1263 2937 636.
1285 2872 1330 2937 st.

239 2974 311 3042 Alio
332 2975 404 3042 loco
428 2974 516 3040 Plato
542 2966 702 3042 eivitauim
725 2975 858 3041 salutem
877 2978 1016 3061 pendere
1045 2974 1128 3041 dicit
1141 2976 1181 3039 ab
1203 2974 1333 3042 internis

155 3077 290 3155 divitiis,
314 3078 378 3145 vita
399 3077 482 3145 bona
504 3087 537 3145 et
558 3076 724 3166 prudenti}
751 3081 914 3145 interitum
932 3100 951 3147 ε
975 3078 1109 3174 ρειιιιιίιι
1130 3078 1328 3145 internorum

154 3180 330 3260 benorum,
355 3204 436 3271 quae
452 3185 539 3250 sitm
559 3182 738 3249 rectoribus
761 3181 931 3248 civitatum.
970 3181 1017 3247 Cf.
1042 3166 1097 3248 lib
1113 3184 1179 3248 VII.
1201 3204 1233 3269 p.
1251 3186 1324 3249 521.

149 3284 200 3351 in.
219 3288 263 3352 St.
289 3311 318 3353 ει
337 3314 362 3374 6
364 3294 397 3353 ὲν
417 3287 492 3373 βίον
519 3282 698 3374 ἐξευρήσεις
725 3281 844 3375 ἀμείνω
866 3288 926 3353 τοῦ
941 3282 1057 3375 ἀρχειν
1072 3292 1142 3387 τοῖς
1155 3288 1331 3411 μέλλουριν

155 3385 286 3509 ἄρξειν,
317 3387 365 3467 ἔςι
386 3412 439 3466 σοι
468 3387 591 3472 δονατῆ
612 3393 775 3476 γενέσθαι
801 3384 897 3469 πόλις
919 3376 953 3457 εύ
984 3386 1166 3479 οἰκουμένη·
1194 3391 1227 3456 εν
1247 3385 1332 3513 μόνη

151 3488 219 3582 γάρ
246 3485 329 3587 αὕτη
313 3483 507 3582 ἀρξουσιν
534 3496 566 3559 οἱ
588 3495 633 3586 τῷ
656 3490 726 3560 ἀντι
748 3488 918 3575 πλούσιοι,
949 3488 987 3560 ού
1010 3494 1168 3583 χρυσίου,
1198 3489 1267 3561 ἀλλ’
1293 3482 1332 3561 06

156 3598 209 3663 δεῖ
231 3592 290 3663 τὸν
317 3590 496 3682 εὐδαίμονα
523 3599 692 3677 πλουτεῖν,
725 3591 809 3682 ζωῆς
837 3593 975 3682 ἀγαθῆς
1008 3621 1041 3663 τε
1070 3600 1126 3663 καὶ
1159 3596 1331 3690 ἔμφρονος·

141 3695 187 3766 ἐἰ
206 3701 384 3786 δὲπτωχοὶ
405 3704 461 3766 καὶ
481 3702 649 3778 πεινῶντες
671 3696 815 3785 ἀγαθῶν
839 3696 1000 3768 ἰδίων-ἐπί
1022 3695 1063 3766 τὰ
1084 3694 1228 3788 δημόσια
1244 3702 1333 3793 ἴασιν

103 3836 107 3840 ·
155 3803 311 3869 ἐντεῦθεν
332 3797 476 3890 οἰόμενοι
497 3799 655 3889 τάγαθὸν
677 3805 743 3870 δεῖν
764 3798 936 3895 ἁρπάζειν,
961 3799 1019 3869 οὐκ
1035 3802 1093 3882 ἔςι·
1110 3798 1331 3893 περιμάχητον

154 3903 219 3997 γὰρ
241 3902 280 3972 τὸ
302 3902 413 3995 ἀρχειν
434 3902 638 3993 γιγνόμενον,
661 3902 779 3986 οἰκεῖος
802 3904 845 3974 ῶν
866 3907 920 3973 καὶ
945 3906 1036 3974 ἔνδον
1059 3898 1077 3971 6
1100 3910 1251 3986 τοιοῦτος
1272 3904 1332 3974 πό-

150 4012 253 4095 ’λεμος
275 4003 397 4087 αύτούς
417 4032 451 4076 τε
472 4004 634 4076 ἀπόλλυσι
655 4015 710 4076 καὶ
732 4006 793 4095 τῆν
822 4006 928 4093 ἀλλην
948 4006 1083 4077 πόλιν
1097 4005 1332 4094 Ἀληθέςατα,

156 4112 229 4204 ἔφη.
269 4105 492 4189 Conferas,
467 4134 494 4177 ιι
523 4114 646 4197 placet,
676 4134 747 4181 eum
769 4113 846 4241 Ιιίε-
842 4135 890 4181 -ει
920 4134 1000 4202 quae
1021 4111 1076 4179 lib.
1099 4114 1181 4186 vm
1203 4135 1234 4201 p
1256 4116 1329 4181 561.

150 4218 201 4283 St.
225 4214 385 4301 leguntur.

194 4318 337 4387 Libro
357 4317 437 4387 vere
460 4322 595 4406 septimo
615 4342 646 4409 ρ.
669 4324 742 4390 536.
771 4324 816 4390 St
834 4301 943 4390 mente
963 4329 996 4389 et
1019 4319 1200 4399 ιιιοιιιίιιίιΙ
1189 4330 1330 4409 ιιιῑεςιοε
