3334 5142
851 424 1080 495 -168-

376 580 465 653 ἀλλά
479 582 520 654 σύ
534 581 672 674 πότερον
686 582 858 674 ὁμολογεῖς
872 580 984 667 οὕτως,
1007 583 1028 670 6
1042 584 1083 655 ού
1091 616 1100 673 ,·
1119 582 1303 675 Ὃμολογά,
1326 588 1402 682 ἔφη.
1439 586 1550 655 Τοῦτο

375 697 436 777 μὲν
456 686 498 771 δή
516 687 562 777 μή
584 686 747 777 ἀνάγκαζέ
765 716 816 779 με,
842 684 896 757 οἷα
918 686 1071 784 τῷλόγῳ
1094 683 1287 778 διήλθομεν,
1310 692 1450 777 τοιαῦτα
1464 716 1547 759 παν-

377 788 503 859 τάπασι
534 798 590 860 καὶ
622 796 668 887 τῳ
700 795 782 888 ἔργῳ
816 798 882 863 δεῖν
907 790 1104 882 ’γιγνόμενα
1121 792 1329 883 ἀποφαίνειν.
1363 791 1443 862 ἀλλ’
1480 792 1548 862 ἐὰν

376 888 529 963 οἷοίτε
557 895 775 984 γενώμεθα
798 894 944 989 εύρεόν,
974 894 1022 977 ὡς
1044 895 1090 965 ἀν
1111 894 1316 985 ἐγγύτατα
1337 900 1411 965 τῶν
1433 895 1548 988 εἰρη-

373 1003 499 1087 μένων
524 996 649 1079 πόλις
676 998 874 1084 οἰκήσετε,
904 998 1034 1094 φάναι
1064 996 1166 1089 ήμάς
1188 1003 1467 1091 ἐξευρηκέναι,
1498 998 1549 1079 ὡς

375 1100 531 1169 δννατά
567 1105 699 1171 ταῦτα
730 1107 979 1192 γίγνεσθαι,
1012 1100 1104 1172 άσύ
1140 1101 1396 1185 ἐπιτάττεις.
1432 1101 1454 1187 6
1482 1100 1550 1171 ὀὐκ

373 1201 554 1291 ἀγαπήσεις
584 1205 708 1277 τούτων
734 1205 915 1297 τυγχάνωνς
946 1206 1007 1295 ἐγὼ
1033 1216 1094 1294 μὲν
1114 1206 1178 1297 γάρ
1201 1205 1242 1276 ἀν
1263 1204 1431 1300 ἀγαπῴην.
1476 1204 1553 1276 Καί

373 1309 440 1402 γάρ
461 1310 538 1397 ἐγὼ,
564 1312 657 1405 ἔφερ’
689 1312 801 1379 Τόδέ
831 1310 871 1394 δή
899 1309 983 1399 μετά
1010 1312 1122 1388 τοῦτο,
1153 1308 1195 1389 ἀς
1222 1312 1321 1389 είοικε,
1352 1308 1550 1402 πειρώμεθα

375 1418 480 1497 ζητεῖν
507 1440 541 1481 τε
568 1422 623 1482 καὶ
646 1412 898 1496 ἀποδεικνύναι,
928 1416 958 1482 τί
978 1441 1057 1483 ποτε
1077 1418 1135 1483 νῦν
1155 1416 1262 1494 κακῶς
1284 1418 1317 1481 έν
1336 1424 1411 1495 ταῖς
1432 1412 1551 1482 πόλεσι

373 1513 564 1603 πράττεται,
586 1515 622 1586 δι’
642 1514 661 1586 6
682 1516 742 1607 οὐχ
763 1511 867 1597 ούτως
888 1521 1064 1595 οἰκοῦνται,
1088 1525 1143 1585 καὶ
1161 1520 1251 1597 τίνος
1268 1514 1309 1587 ἀν
1325 1514 1550 1605 σμικροτάτον

373 1614 620 1713 μεταβαλόντος
642 1623 741 1689 ἔλθοι
762 1620 809 1701 εἰς
829 1625 947 1689 τοῦτον
969 1618 1026 1689 τὸν
1047 1618 1169 1711 τρόπον
1186 1624 1243 1704 τῆς
1256 1622 1423 1699 πολιτείας
1443 1617 1550 1701 πόλις,

374 1720 521 1809 μάλιστα
542 1734 602 1814 μὲν
623 1724 703 1807 ἑνὸς,
725 1723 756 1793 εἰ
775 1729 809 1793 δέ
830 1722 891 1812 μή,
914 1729 1018 1807 δυοῖν,
1039 1727 1067 1791 εί
1091 1728 1126 1792 δέ
1146 1722 1201 1813 μή,
1226 1717 1275 1791 ὅτι
1300 1720 1473 1811 ὀλιγίστων
1492 1722 1552 1791 τὸν

375 1824 528 1916 ἀριθμόν
554 1836 609 1895 καὶ
638 1825 864 1917 σμικροτάτων
890 1825 948 1910 τήν
969 1825 1119 1916 δύναμιν.
1165 1824 1369 1895 Παντάπασι
1390 1836 1450 1914 μὲν
1473 1816 1551 1909 οὖν,

376 1930 450 2023 ἔφη.
489 1926 590 2011 Ἕνδς
604 1934 808 2052 μὲντοίνυν,
829 1919 870 2013 ήν
891 1930 936 1998 δ”
949 1930 1019 2019 ἐγὼ,
1040 1926 1286 2017 μεταβαλόντος
1308 1930 1469 2016 δοκοῦμέν
1488 1956 1550 2056 μοι

376 2032 458 2121 ε’χειν
478 2028 622 2116 δεῖξαι’
602 2061 654 2102 οτι
674 2040 853 2123 μεταπέσοι
875 2032 932 2117 ἀν,
960 2032 1007 2102 ού
1019 2039 1131 2122 μέντοι
1154 2036 1291 2123 σμικροῦ
1319 2060 1354 2157 γε
1381 2030 1506 2101 οὐδὲ(
1488 2060 1552 2153 ρῳ-

377 2139 458 2219 δίου,
481 2136 624 2207 δυνατοῦ
645 2142 691 2207 δέ.
741 2139 895 2221 Τίνος,·”
876 2164 950 2229 εφη,
988 2134 1066 2205 ΗΕπ
1099 2134 1199 2205 αὐτὸ
1227 2134 1339 2220 δή,ή
1346 2164 1365 2205 ν
1386 2134 1425 2205 δ’
1458 2135 1551 2251 έγάι,

376 2242 478 2341 εἰμι,
502 2237 523 2309 6
545 2244 595 2333 τῷ
615 2244 795 2335 μεγίστῳ
817 2238 1133 2337 προσῃκάζομεν
1154 2238 1314 2327 κύματι.
1337 2236 1552 2333 εἰρήσεται

377 2339 521 2421 δὀύν,
545 2343 588 2412 εί
605 2353 673 2413 καὶ
693 2350 834 2431 μέλλει
855 2346 1000 2431 γέλωτί
1021 2370 1062 2411 τε
1084 2340 1264 2431 ἀτεχνῶς
1286 2336 1417 2468 ὥσπερ
1438 2346 1551 2432 κῦμα

376 2448 553 2536 ἐκγελῶν
584 2456 653 2515 καὶ
685 2445 831 2540 ἀδοξία
861 2444 1154 2515 κατακλύσειν.
1186 2443 1299 2549 σκόπει
1328 2442 1412 2515 δὲ“
1393 2473 1411 2514 ο
1439 2451 1551 2537 μέλλω

375 2552 502 2633 λέγειν.
534 2551 677 2637 Λέγε,”
658 2578 734 2674 εφη.
773 2518 886 2618 Ἕίιν
872 2549 933 2641 μή,
962 2538 1096 2633 ήνδ”
1080 2548 1155 2637 εγὼ,
1178 2544 1252 2633 ἢοί
1275 2546 1463 2645 φιλόσοφοι
1483 2554 1551 2637 βα

375 2648 605 2720 σιλεύσωσιυ’
589 2662 624 2721 εν
644 2680 717 2733 ταις
737 2650 929 2731 πόλεσιν,
909 2683 928 2736 η
950 2660 981 2721 σί
1002 2657 1148 2739 βασιλεῖς
1170 2679 1202 2721 τε
1224 2656 1281 2722 νύν
1301 2650 1470 2741 λεγόμενοι
1491 2661 1552 2721 καί

375 2751 533 2823 δυνάσται
555 2754 809 2850 φιλοσοφήσωσι
831 2760 970 2845 γνησίως
992 2784 1024 2825 τε
1046 2764 1101 2825 καί
1129 2760 1260 2839 ἱκανάς,
1290 2762 1345 2823 καί
1374 2759 1473 2825 τοῦτο
1503 2754 1551 2836 εἰς

374 2855 496 2927 ταύτὸν
525 2861 685 2955 ξυμπέση,
714 2856 850 2950 δύναμίς
878 2887 913 2928 τε
937 2858 1088 2943 πολιτική
1115 2867 1169 2927 καλ
1191 2862 1407 2985 φιλοσοφία,
1425 2862 1549 2929 τῶνδὲ

372 2964 445 3029 νῦν
449 2968 674 3051 πορευομένων
692 2972 791 3053 χωρὶς
812 2962 862 3057 έφ
887 2960 1039 3055 ἑκάτερον
1061 2992 1097 3031 αι
1087 2968 1236 3031 πολλαί
1254 2960 1370 3055 φύσεις
1392 2965 1425 3087 έῗξ
1435 2960 1550 3051 ἀνάγ-

373 3090 431 3147 νιγς
466 3063 755 3168 ἀποκλεισθῶσιν,
786 3065 864 3135 ούκ
900 3069 988 3135 ἔστι
1020 3070 1149 3135 κακῶν
1184 3070 1347 3147 παῦλα,
1391 3066 1416 3164 6
1453 3070 1549 3161 φίλε

371 3162 583 3251 Γλαύκων,
606 3175 697 3248 ταῖς
718 3161 883 3248 πόλεσι,
907 3172 1075 3245 δοκω
1033 3174 1078 3239 δ
1099 3168 1191 3239 οὐδὲ
1213 3172 1264 3264 τῷ
1285 3152 1549 3290 ἀνθρωπίνῳ

371 3276 502 3358 γένει,
532 3271 626 3341 οὐδὲ
648 3266 753 3357 πύτη
780 3271 802 3357 6
829 3276 1022 3343 πολιτεία
1042 3271 1094 3361 μή
1115 3300 1243 3342 ποτε
1234 3270 1441 3397 πρότερον
1466 3302 1549 3393 φυῃ

372 3399 412 3443 τε
435 3373 493 3455 εἰς
519 3375 565 3443 τὸ
596 3376 777 3447 δυνατὸν
801 3384 870 3445 και
898 3381 985 3470 φῶς
1013 3374 1135 3461 ἡλίου
1158 3373 1279 3478 ἴδῃ,
1267 3372 1312 3459 ήν
1338 3379 1410 3445 νῦν
1439 3374 1548 3504 λόγῳ

371 3476 698 3600 διεληλύθαμεν.
727 3478 812 3549 ἀλλά
834 3478 934 3549 τοῦτό
956 3484 1061 3563 ἐστιν,
1085 3476 1105 3548 6
1126 3484 1196 3569 ἐμοὶ
1217 3477 1364 3563 πάλαι”
1344 3506 1442 3549 οκνον
1464 3483 1548 3549 έντί-

370 3588 459 3665 θησι
481 3582 632 3672 λέγειν,
616 3586 748 3676 ορῶντι,
771 3580 814 3663 ὡς
834 3582 934 3651 πολύ
941 3580 1154 3676 παραδόξου
1175 3578 1377 3675 ῥηθήσεται.
1398 3582 1548 3673 χαλεπόν

368 3684 432 3777 γάρ
455 3684 552 3769 ἰδεῖν,
585 3680 639 3754 ότι
666 3685 724 3755 οὐκ
751 3684 793 3756 ἀν
818 3685 902 3769 ἀέλλη
926 3712 974 3765 τις
997 3684 1258 3810 εὐδαιμονήσειεν
1281 3685 1354 3757 οὕτε
1377 3685 1448 3779 ιδίῳ
1468 3686 1547 3757 οὔτε

369 3792 522 3881 δημοσίῳ.
563 3786 689 3858 Kaa‘
669 3818 727 3871 ος,
748 3790 793 3857 Ὠ
815 3786 1107 3879 Z6xpazeg,''
1089 3806 1194 3883 εφη,
1211 3794 1413 3877 τοιοῦτον.
1427 3756 1545 3879 έκβέ·

370 3896 577 3979 βληκας·ι
559 3890 666 3985 ρήμά
700 3920 752 3961 τε
772 3900 838 3961 καὶ
873 3890 1062 3980 λόγον,“
1051 3889 1098 3962 άν
1129 3890 1250 3963 εἰπάν
1280 3890 1380 3981 ἡγοῦ
1408 3896 1473 3962 ε’πί
1502 3920 1544 3963 σε

367 3991 473 4063 πάνυ
509 3989 693 4077 πολλούς
723 4004 857 4065 τεκαὶ.
886 3994 929 4064 ού
964 3993 1151 4089 φαύλους
1180 3990 1418 4077 νῦνοίίτως
1450 3991 1545 4066 οἷον

366 4100 578 4188 ῥίψαντας
603 4098 655 4167 τά
681 4096 830 4188 ίμάτια
852 4099 1037 4189 γυμνούς
1058 4094 1311 4187 λαθόντας“
1292 4126 1360 4168 οτι
1381 4097 1543 4194 ἑκάστῳ

368 4206 594 4292 παρέτυχεν
615 4196 756 4285 ὅπλον,
777 4208 876 4273 θειν
899 4200 1270 4294 διατεταμένους
1249 4232 1303 4283 ως
1318 4172 1543 4290 θανμάσιύι

359 4303 700 4397 εργασομένους·
728 4302 821 4387 οίίς
829 4304 867 4375 εί
889 4304 941 4395 μή
974 4304 1126 4395 ἀμυνεῖ
1141 4333 1225 4401 τῳ
1236 4302 1344 4401 λόγῳ
1377 4313 1446 4375 καὶ
1478 4310 1542 4377 έκ-
