3334 5142
851 415 1079 487 unat·-

386 580 590 673 repetuntur}
620 588 654 649 et
680 580 777 650 verba
804 568 903 664 δῆλος
923 577 989 674 γάρ
1009 600 1074 650 που
1095 584 1150 649 tecti
1173 569 1283 663 οὗτος,
1300 572 1387 649 οἷον
1409 577 1559 675 φήσομεν

391 689 458 756 δεῖν
478 683 580 755 αὐτὸν
600 711 693 753 ειναι.
739 690 781 754 Aa
771 685 861 769 λος
888 684 960 778 ἔφη
989 679 1103 752 docent
1128 704 1192 752 non
1219 685 1397 771 singulatim
1422 684 1462 751 de
1487 685 1559 753 vito

386 793 462 859 huie
485 792 601 857 civitati
625 790 718 860 simili
741 793 879 856 dietum
880 810 963 866 esse,
996 778 1053 856 sed
1072 789 1228 856 inclusum
1249 804 1322 856 cam
1347 804 1416 855 esse
1440 792 1474 856 in
1499 790 1559 855 hac

388 895 521 961 civitatis
544 894 767 979 descriptione.
795 896 986 972 Quodnisi
1007 914 1060 960 res
1077 896 1121 959 ita
1139 901 1230 967 esset,
1252 896 1331 959 haec
1347 896 1456 959 doceri
1477 886 1557 977 opus

388 1017 452 1065 non
476 1001 553 1074 erat,
579 997 843 1087 quemadmodum
867 1016 927 1063 nec
951 996 1057 1064 docuit
1076 997 1166 1064 Plato
1188 996 1305 1063 dictum
1326 1018 1395 1063 esse
1416 994 1456 1062 de
1482 997 1557 1063 eivi-

385 1098 461 1179 tate,
489 1108 522 1167 et
540 1088 615 1169 satis
635 1105 745 1169 habuit
766 1104 1034 1179 commemorare,
1065 1101 1185 1167 finitum
1208 1120 1293 1168 nunc
1316 1119 1385 1167 esse
1408 1106 1494 1167 huuc
1517 1104 1556 1167 de

382 1206 514 1272 ‘civitate
536 1224 736 1277 sermonem·
764 1204 906 1283 Quodsi
930 1206 1005 1291 qnid
1028 1218 1089 1291 ego
1110 1208 1204 1271 video
1225 1204 1287 1271 viri
1307 1207 1557 1291 periectae‘civi·

386 1312 459 1376 tatis
480 1310 590 1375 similis
608 1314 670 1375 noc
690 1309 763 1375 loco
782 1330 847 1374 non
870 1308 960 1375 aliter
977 1308 1012 1373 fit
1032 1312 1159 1386 mentio,
1186 1325 1279 1395 quam
1296 1307 1333 1384 in
1353 1308 1556 1400 sequentibus

387 1413 582 1480 diversatum
599 1413 758 1480 civitatum
774 1415 872 1489 viros,
899 1412 952 1499 qui
968 1417 1138 1479 earundem
1158 1414 1297 1479 indolem
1315 1412 1460 1479 referant·
1472 1404 1557 1477 com·

385 1517 556 1586 memorari
580 1516 740 1610 videmus,
768 1525 804 1581 ut
827 1516 1053 1602 intelligamus,
1081 1518 1167 1582 unde
1188 1536 1298 1582 omnes
1324 1512 1466 1585 civitates
1481 1508 1556 1581 ‘'ori-

383 1621 491 1706 ginem
516 1620 670 1699 habeant,
700 1612 827 1707 etquid
851 1622 884 1687 in
905 1621 1022 1687 iudicio
1045 1620 1085 1686 de
1108 1621 1152 1686 iis'
1168 1619 1300 1685 serendo
1317 1619 1556 1703 respiciendum

385 1725 434 1795 sit.
460 1722 532 1809 at„
554 1719 608 1790 lib.
637 1726 720 1794 VIII.
741 1744 778 1812 p:
797 1723 868 1791 sta.
890 1728 925 1790 E.
947 1726 1028 1801 tit,
1058 1728 1097 1789 I).
1122 1726 1194 1790 5484
1220 1731 1298 1794 extr.
1323 1720 1398 1799 550,
1428 1725 1462 1789 C.
1483 1744 1554 1809 sqq.

383 1813 458 1899 saa
477 1828 527 1893 in:
545 1829 617 1905 aaa,
633 1828 675 1921 a.
698 1830 753 1898 nn.
773 1830 829 1895 lx.
851 1830 924 1894 571.
948 1828 992 1893 in.
1008 1830 1061 1892 sse
1106 1823 1252 1894 cetarum
1276 1830 1386 1912 nagan
1406 1845 1472 1893 non
1497 1828 1557 1912 pa-

383 1938 448 1998 test
468 1932 609 1998 adiuvari
630 1930 697 1997 istis
722 1931 832 1998 salsam
856 1934 994 2016 speciem
1021 1924 1061 1997 de
1090 1924 1288 2016 Operiss'iine
1311 1933 1496 2009 exaltatam,
1524 1939 1558 1997 ct

386 2036 509 2122 annecti
528 2039 573 2119 ita
596 2025 761 2125 commode
782 2036 924 2103 hacc-iis
941 2054 1029 2124 quae
1055 2038 1095 2101 de
1112 2035 1234 2101 iustitia
1258 2022 1501 2102 antca'deerat
1523 2044 1557 2123 et

385 2143 487 2205 adhuc
509 2138 616 2205 dicere
635 2138 770 2207 volebat.
813 2144 893 2217 Nam
918 2144 1019 2207 totum
1045 2160 1124 2225 opus
1151 2138 1190 2205 dc
1205 2138 1381 2225 «Republica
1401 2140 1436 2205 in
1457 2144 1555 2225 quae-

384 2242 517 2308 stionem
536 2242 575 2309 de
590 2241 708 2309 iustitia
717 2245 819 2330 ¹quasi·
833 2244 969 2311 formam
988 2243 1143 2310 inclusum
1154 2260 1156 2265 ’
1166 2250 1223 2309 est.¹
1252 2240 1312 2337 Ita¹
1324 2262 1386 2308 nec
1398 2244 1466 2309 sino
1479 2264 1555 2310 con-

385 2339 460 2411 siiio'
476 2346 571 2430 paulo
593 2339 685 2423 aute,
715 2347 775 2413 etsi
797 2350 905 2414 obiter
927 2342 1066 2425 tantum,
1097 2346 1236 2434 *iustam
1264 2349 1457 2412 mentionem
1483 2346 1555 2412 fieti

383 2448 543 2515 vidimus·
566 2436 612 2515 Gi
636 2469 667 2537 p.
689 2449 761 2521 5ᾰο
781 2454 819 2516 Ε.
845 2454 888 2517 st.
934 2454 1061 2517 Summa
1081 2451 1178 2535 igitur
1195 2449 1555 2537 disputationis'nostrae

379 2556 461 2620 haec
489 2562 557 2619 est
591 2557 708 2632 omnia·
738 2576 820 2641 qnae
849 2554 889 2622 a'd
916 2558 1015 2621 huuc
1029 2574 1130 2641 usque
1144 2557 1255 2621 iocum
1281 2576 1300 2621 a
1325 2554 1399 2619 libii
1424 2553 1555 2620 sectandi

382 2657 508 2740 pets.
531 2658 576 2723 St.
604 2660 784 2737 dictasint,
819 2664 859 2724 de
888 2648 1011 2755 civitate
1036 2658 1177 2747 perfecta
1203 2658 1284 2725 dicta
1305 2678 1394 2737 esse‚·
1422 2646 1554 2777 eiusque

382 2758 600 2892 disputationis
620 2762 725 2829 hunc
723 2782 794 2829 esse
814 2758 919 2829 tinem.
1002 2810 1005 2815 -
1037 2791 1039 2799 ¹

863 3026 1058 3039 a*

467 3214 628 3336 Septimi
651 3236 740 3312 libre·
760 3216 874 3340 finam
897 3192 1167 3313 cccccccccc
1184 3238 1273 3316 ¹lateo
1297 3190 1463 3339 poeticos

792 3390 889 3463 esee,
909 3366 1168 3447 ‘coenosae
1211 3416 1214 3423 ·

417 3611 422 3617 ·
463 3581 573 3645 Finem
595 3581 719 3667 septimi
739 3582 834 3649 huius
855 3582 928 3648 iibri
949 3590 1042 3649 recte*
1057 3584 1247 3670 asequcnte
1264 3590 1376 3652 octavo
1390 3584 1477 3651 libro
1492 3584 1554 3651 dis·

380 3684 467 3770 iungi
482 3705 582 3777 'nemo
604 3693 652 3749 est
673 3690 727 3771 qui
747 3694 852 3771 neget.
897 3690 1265 3772 Itaque1tantum1restat
1285 3694 1320 3752 ut
1348 3693 1553 3755 ostendamus

376 3791 464 3853 inune
484 3788 649 3873 septimum
678 3788 794 3854 librum
816 3797 901 3855 recte
921 3812 940 3856 a
960 3794 1107 3877 proximo
1128 3793 1236 3879 piio‘re
1255 3790 1339 3859 libro
1361 3792 1552 3860 disiunctum

379 3892 498 3988 videri3
528 3894 685 3978 quodcx
712 3895 782 3979 ipso
809 3896 901 3959 hui'u's
923 3894 995 3961 libri
1018 3898 1200 3983 argumento
1222 3896 1397 3982 apparebit.
1442 3894 1552 3963 Totius

374 3989 459 4061 'vero
479 3991 554 4061 iibri
575 3983 791 4084 argumentum
813 3994 940 4063 adhoc
955 3992 1046 4078 redit,
1066 3998 1432 4087 'ut'discipiinae‘qnibus
1448 4008 1553 4066 custo·

375 4096 437 4162 ¹des
465 4106 496 4163 et
522 4105 664 4166 rectores
692 4100 994 4170 mmai-instituendi
1021 4098 1093 4168 sint
1112 4094 1317 4181 enarrentur,¹
1343 4116 1551 4191 temporaque

379 4200 505 4287 mando
527 4201 708 4268 'tradendae
738 4203 801 4268 sint
831 4210 1057 4292 proponantur.
1085 4206 1194 4285 'Quod
1209 4210 1265 4272 'de
1297 4208 1432 4292 septimo
1465 4207 1551 4274 libro

376 4304 695 4391 omnes-concedunt,
713 4325 791 4377 cum
812 4314 899 4374 ‘recte
921 4312 961 4377 ab
983 4316 1098 4377 octava·
1118 4298 1265 4397 disiungi,
1287 4312 1551 4398 idemde'quarti
