3334 5142
535 463 538 470 ,
595 396 742 473 ·-.18.3
783 429 831 465 ·-.

125 550 355 643 fluctuosos
379 550 634 639 δεδηλώκατε
660 550 825 647 μακρόν,
857 560 924 625 καί
953 551 1138 645 χαλεπὴν
1173 551 1300 625 αὐτοῦ

126 658 199 742 τὴν
222 656 448 743 ἀπόδειξιν,
470 662 553 727 ἐπεί
575 656 709 741 καὶτὸ
730 654 877 736 λοιπόν
899 655 937 727 οὐ
959 654 1124 737 πάντας
1146 660 1301 751 ῥᾷστον

126 767 350 833 διελθεῖν..
380 760 433 830 Τὸ
452 769 593 845 ποῖον,
627 763 730 830 Τίνα
751 757 910 858 τρόπον
930 765 1301 853 μεταχειριζομένη
1378 774 1381 785 “

124 863 248 946 πόλις
268 867 525 959 φιλοσοφίαν
547 862 593 933 οὐ
615 863 837 951 διολεῖται.
893 862 953 941 ΤόΙ
972 863 1046 957 γᾴρ
1069 864 1115 949 δὴ
1135 862 1301 955 μεγάλα

125 966 263 1042 πάντα
292 971 521 1057 ἐπισφαλῆ
560 975 645 1051 καὶ,
683 965 1001 1057 τὸλεγόμενον
1040 966 1089 1046 τὰ
1117 968 1301 1063 uolucri
1397 1042 1399 1050 ,

125 1069 409 1163 όντιχαλεπά.
448 1069 587 1141 '’‘Art
576 1065 699 1159 όμως,
721 1072 813 1161 ἔφη,
835 1068 1301 1193 λαβέτιιτὲλοςὴἀπό-

125 1178 254 1260 δειξις
281 1173 438 1246 τοότον
470 1178 656 1274 φανεροῦ
682 1180 920 1264 γενομένου.
973 1172 1018 1247 Oti
1052 1174 1090 1243 τό
1118 1204 1164 1271 μη
1185 1172 1300 1265 βουλε

125 1280 264 1361 σθαι,
249 1306 288 1363 ην
309 1276 380 1348 δ’
364 1277 436 1367 εγὼ,
455 1275 526 1348 αλλ’
551 1282 653 1367 εἴπερ,
676 1277 713 1345 τό
735 1275 978 1369 μὴδύνασθαι
1000 1276 1209 1349 διακωλύσει·
1235 1308 1300 1350 πα-

124 1382 190 1474 ρών
204 1382 290 1451 δὲ
257 1409 360 1469 τηνγ
339 1380 470 1472 γε’μίμ
486 1385 688 1495 προθυμίαν
710 1389 816 1477 εἴση.
819 1386 867 1453 of.
889 1406 920 1471 p.
944 1386 1017 1461 b97,
1022 1388 1078 1458 Α.
1102 1388 1149 1453 St.
1195 1374 1300 1465 Quum

125 1493 271 1559 socrum
305 1487 423 1553 nullum
450 1487 610 1559 civitatum
641 1509 722 1575 quae
753 1486 816 1553 siut
845 1496 949 1575 aptam
981 1510 1050 1555 esse
1085 1490 1202 1569 diceret
1229 1489 1300 1577 phi·

123 1591 281 1678 losophis,
310 1592 388 1660 nihil
415 1591 575 1681 reliquum
591 1599 696 1666 orm,-
722 1612 818 1676 quam
849 1600 885 1659 ut
916 1600 971 1659 aut
999 1595 1195 1660 describeret
1228 1614 1298 1680 eam

124 1695 283 1763 civitatem
299 1715 393 1781 ,quae
423 1704 494 1781 apta
515 1702 628 1773 esset,
666 1701 720 1760 aut
751 1698 813 1763 iam
843 1690 1030 1787 descriptam
1060 1717 1128 1790 esse
1163 1696 1294 1763 diceret.

122 1804 170 1867 lta
194 1818 278 1865 nova
304 1802 344 1865 de
372 1798 497 1865 civitate
521 1798 647 1865 dicendi
669 1799 794 1881 occasio
814 1798 1049 1887 suppeditatur,
1079 1821 1149 1885 „qua
1171 1804 1215 1867 ita
1237 1800 1298 1866 uti·

123 1903 183 1979 tui,
206 1911 241 1973 ut
264 1901 344 1969 banc
364 1924 459 1982 uuam
484 1924 551 1983 rem
570 1924 738 1988 superesse
757 1906 895 1997 diceret,
930 1902 1044 1971 dictam
1065 1902 1210 1988 quidem,
1238 1901 1294 1969 lib.

122 2009 174 2073 111.
198 2010 336 2091 ριδίλ,
370 2008 414 2082 C„
441 2010 497 2075 sod
530 2028 595 2073 uon
614 2008 696 2084 ⁴satis
709 2007 923 2099 explicatam.
936 2016 1068 2094 propter
1093 2010 1240 2073 timorem
1266 2015 1298 2091 et

122 2110 315 2195 quaestionis
347 2110 571 2179 difficultatem.
630 2114 722 2191 Quod
753 2110 894 2177 simulari
928 2111 999 2198 quis
1032 2133 1095 2193 non
1117 2110 1300 2204 ,iutelligit‘l

121 2214 265 2284 Potuisse
290 2236 328 2279 ea
353 2223 442 2281 autea
465 2235 530 2287 uou
554 2216 719 2281 commode
733 2216 866 2281 *tractari
888 2217 1188 2303 demonstravimus,
1202 2236 1296 2303 ‚quor

120 2316 208 2383 niam
234 2317 372 2404 primum
400 2318 569 2403 disputatio
595 2322 635 2385 de
656 2318 793 2388 iustitiae
814 2320 851 2384 vi
873 2340 929 2385 ac
928 2328 1043 2387 natura
1062 2319 1102 2385 ad
1121 2318 1223 2391 tinem
1241 2322 1296 2388 dc·

121 2425 267 2489 ducenda
287 2429 321 2487 et
341 2424 568 2491 consulendum
589 2431 658 2501 erat
678 2403 815 2507 partium
837 2420 942 2489 ordini
962 2431 993 2487 et
1017 2424 1204 2509 placitorum
1225 2444 1296 2527 per-

122 2526 290 2613 spicuitati.
334 2530 380 2591 ltu
409 2547 473 2594 nou
492 2526 595 2594 solum
615 2535 745 2604 constat,
771 2529 933 2606 Socratem
955 2526 1147 2613 praevidisse
1166 2547 1296 2597 accura-

121 2632 182 2695 tius
216 2628 350 2695 dicenda
374 2651 445 2695 esse
476 2630 535 2697 ista
567 2651 648 2716 quae
677 2633 740 2695 iam
773 2640 926 2715 exponat,
947 2651 1018 2698 uec
1039 2628 1079 2695 ab
1105 2630 1211 2716 operis
1232 2629 1294 2697 fine

120 2733 223 2801 alicua
251 2733 461 2809 euistimasse,
495 2732 552 2799 sed
571 2742 701 2821 apparet
723 2736 831 2826 ubam.
863 2738 940 2802 baec
962 2755 1042 2820 quae
1065 2754 1146 2801 nunc
1167 2737 1208 2799 de
1233 2740 1294 2801 Re·
1336 2770 1340 2779 ‹

120 2835 248 2923 publica
276 2836 359 2903 dicat
383 2859 454 2904 eum
478 2836 519 2903 iis
548 2858 628 2922 quae
656 2845 749 2903 antea
777 2836 894 2906 eliserit
919 2837 1092 2905 arctissime
1120 2834 1293 2919 cohaerere

121 2951 151 3023 et
175 2943 210 3009 iu
234 2963 332 3014 uuum
359 2940 579 3025 coniungenda
606 2962 691 3018 esse,
727 2945 844 3029 quippe
878 2941 993 3027 quibus
1022 2942 1209 3037 explumatur
1236 2964 1293 3019 ea,

120 3067 201 3133 quae
227 3056 317 3112 autea
341 3067 405 3111 οοο
430 3042 620 3111 sufficienter
645 3045 799 3132 explicata
824 3048 900 3122 sint,
933 3066 992 3111 uec
1017 3046 1139 3117 versari
1164 3045 1297 3113 alteram

120 3135 323 3239 Reipublicae
345 3156 467 3235 partem
491 3147 526 3216 iu
550 3147 686 3216 iustitiae
706 3149 818 3226 laude,
850 3152 1014 3221 alteram
1006 3171 1039 3215 m
1064 3149 1207 3225 civitate,
1237 3147 1293 3214 sed

119 3256 285 3340 utriusque
320 3252 419 3339 parus
454 3250 549 3363 linem
588 3272 658 3317 csse
689 3250 927 3339 Rempublicam
957 3274 1116 3341 unumque
1145 3254 1188 3317 ita
1213 3272 1293 3341 opus

120 3356 213 3446 effici
352 3423 355 3431 ,
897 3386 899 3391 ·
1005 3412 1011 3421 .

205 3462 300 3539 Quod
329 3462 357 3525 si
385 3457 523 3525 Platonis
551 3463 649 3533 rerba
676 3464 852 3528 accuratius
881 3460 1111 3538 examinemus,
1085 3418 1227 3529 hauc
1253 3458 1292 3525 de

119 3562 315 3655 pbilosophis
342 3563 584 3649 disputationem
613 3566 712 3649 magis
738 3565 833 3631 etiam
862 3564 933 3643 illa,
968 3564 1103 3653 quaein
1124 3563 1293 3637 mulierum

119 3667 357 3751 liberorumque
392 3670 613 3734 commuuione
641 3666 845 3758 versabatur,
892 3666 1111 3745 necessariam
1134 3688 1203 3734 esse
1236 3686 1293 3733 nec

120 3769 326 3862 digressionis
346 3772 419 3835 loco
440 3769 614 3838 habendam
636 3772 764 3858 patebit.
804 3772 889 3839 Dicit
910 3772 994 3837 enim
1023 3772 1183 3838 τοοιοδὲ
1169 3766 1291 3838 auore

120 3870 252 3964 ἐρ’ῥὴθη
283 3880 343 3960 μὲν
371 3878 428 3939 καί
454 3868 542 3954 τότε,
579 3866 631 3942 ὅτι
658 3869 770 3994 δεήσρι
798 3899 830 3941 τι
861 3870 912 3943 αεὶ
940 3874 1111 3943 luricatis
1134 3874 1172 3969 τῇ
1199 3862 1293 3945 πόλει

120 3973 259 4063 λόγον”
240 3999 314 4064 εχον
336 3976 392 4065 τῆς
412 3977 578 4094 πολιτείας
598 3974 656 4044 τόν
676 3973 796 4058 αὐτόν,
823 3969 921 4068 όνπερ
943 3983 1000 4046 καὶ
1021 3974 1078 4059 οὐ,
1107 3972 1293 4062 ὁνομοθὲ-

119 4106 185 4163 της,
209 4081 289 4168 ἔχων
309 4078 386 4160 τοὺς
406 4076 527 4167 νόμους
547 4082 684 4161 ἐτίθεις.
724 4076 877 4201 Ἐῥρἡθη
899 4077 979 4169 γὰρ,
1009 4080 1083 4173 ε’φη.
1121 4076 1208 4149 ’'All
1233 4076 1293 4169 οὐχ

119 4185 254 4263 ἱκανῶς,
280 4184 385 4264 είιτον,
414 4178 579 4265 ἐδηλώθη,
600 4173 744 4276 φόβῳ
721 4207 765 4250 ων
786 4178 877 4271 ὑμεῖς
899 4178 1218 4272 ἀντιλαμβανόμενοι
1241 4186 1290 4251 δε·

119 4282 294 4371 δηλιίκατε
320 4285 450 4379 μακρὰν
480 4292 536 4354 καί
553 4284 709 4377 χαλεπὴν
740 4284 844 4355 αὐτοῦ
874 4283 932 4371 τὴν
965 4284 1142 4377 ἀπόδειξιν
1177 4290 1292 4381 Quum
