3334 5142
846 390 1057 454 -.32-

445 551 665 630 Qmerendam
694 557 799 618 autem
829 571 899 618 esse
925 550 1076 616 iustitiam
1103 545 1270 616 inanimo
1292 569 1356 616 non
1377 551 1537 637 iniliepu·

360 651 449 729 biica,
474 654 590 720 diserto
611 675 670 720 nec
691 654 789 720 semol
810 657 951 740 flagitant
972 654 1146 720 Glaucoet
1167 651 1399 739 Adimantus*);
1422 657 1536 721 iicon·

354 766 423 835 tra,
455 761 506 843 qui
530 760 679 840 iustitiam
701 773 826 832 omnem
851 765 1011 833 evertunt,
1040 757 1196 843 originem
1217 760 1285 823 eius
1307 778 1349 824 ex
1369 767 1462 844 pacto
1484 774 1536 824 re-

354 871 477 946 petunt.
507 853 579 928 ὥστ’
593 885 596 894 ·
612 859 742 930 ἐπειδὰν
769 859 934 944 ἀλλήλους
961 859 1103 940 ἀδικῶσί,
1127 887 1161 929 τε
1189 867 1244 928 καὶ
1271 857 1452 930 ἀδικῶνται
1478 867 1535 930 καὶ

356 961 554 1058 ἀμφοτέρων
575 960 749 1052 γεύωνται,
775 961 846 1044 ταῖς
864 963 910 1053 μὴ
933 969 1126 1054 δυναμένοις
1146 961 1186 1032 τὸ
1205 973 1266 1051 μὲν
1287 961 1468 1058 ἐκφεύγειν,
1497 963 1534 1034 τὸ

357 1073 393 1136 δὲ
416 1073 522 1156 αἱρεῖν
540 1071 630 1136 δοκεῖ
649 1065 825 1137 λυσιτελεῖν
848 1070 1043 1151 ξυνθέσθαι
1058 1064 1213 1150 ἀλλήλοις
1227 1065 1297 1155 μήτ’
1315 1066 1439 1136 ἀδικεῖν
1458 1065 1531 1158 μήτ’

358 1165 566 1269 ἀδικεῖσθαι.
604 1178 658 1240 καὶ
671 1169 674 1176 ’
687 1175 843 1241 ἐντεῦθεν
870 1170 911 1256 δὴ
930 1171 1130 1264 ’ἄρξασθαι
1145 1169 1267 1260 νόμους
1289 1173 1458 1240 τίθεσθαι
1479 1178 1535 1241 καὶ

357 1271 528 1358 §codrinae
550 1272 734 1344 αὐτῶνκαὶ
757 1272 921 1364 ὀνομάσαι
943 1273 981 1343 τὸ
1003 1273 1067 1344 ὑπὸ
1091 1272 1274 1363 couversos
1295 1278 1458 1365 ἐπίταγμα·
1479 1271 1536 1346 νό·

356 1376 459 1468 μιμόν
481 1406 514 1448 τε
536 1385 592 1450 ναὶ
614 1381 752 1461 δίκαιον,
775 1387 829 1448 καὶ
852 1371 936 1448 εἶναι
958 1377 999 1462 δὴ
1020 1375 1143 1462 ταύτην
1164 1380 1286 1468 γένεσίν
1301 1376 1535 1450 τεκαὶ-οὐσίαν

357 1479 569 1567 δικαιοσύνης
589 1509 619 1552 κ.
641 1510 669 1553 τ.
686 1486 715 1553 ·s‘.
748 1485 795 1553 Cf.
818 1485 874 1552 lib.
897 1488 938 1554 ΙΙ.
961 1505 994 1573 p.
1019 1486 1091 1562 359,
1113 1490 1150 1553 i.
1173 1507 1201 1551 ’.

705 1726 1083 1863 'sacurem

404 2016 407 2034 ,
433 1958 522 2038 Quae
545 1977 641 2046 quum
663 1945 815 2022 dixissent
838 1955 959 2041 Glauco.
976 1965 1007 2023 et
1024 1955 1216 2041 Adimantus,
1238 1958 1355 2038 hortati
1370 1943 1532 2024 Socratem

356 2069 391 2127 ut
412 2061 548 2128 iustitiae
569 2063 778 2148 patrocinium
800 2063 989 2148 susciperet,
1011 2063 1072 2135 bic,
1095 2058 1223 2136 Dubito,
1245 2063 1365 2150 inquii,
1387 2060 1465 2150 quid
1485 2060 1536 2127 ia-

357 2166 454 2246 ciam,
487 2187 557 2236 nam
585 2186 649 2232 non
674 2162 776 2233 habeo
798 2164 960 2251 quomodo
982 2163 1132 2230 auxilium
1146 2163 1273 2253 ieram,
1307 2163 1419 2233 videor
1449 2165 1534 2231 enim

356 2291 420 2336 nou
434 2289 552 2358 posse:
575 2273 793 2356 argumentum
814 2289 902 2344 vero,
924 2267 1010 2356 quod
1033 2276 1113 2355 quae
1135 2276 1248 2337 contra,
1267 2259 1534 2359 Thrasymachum

356 2373 465 2452 dicens
487 2372 709 2461 comprobasse
731 2372 808 2453 mibi
829 2370 976 2450 videbar,
1006 2372 1169 2438 meliorem
1186 2392 1265 2440 esse,
1280 2372 1430 2440 iustitiam
1452 2372 1535 2439 iniu-

357 2477 454 2554 stitia,
477 2498 541 2544 uon
570 2476 754 2564 accepistis*
755 2478 808 2559 J:
830 2497 952 2565 neque,
980 2475 1140 2561 quomodo
1162 2475 1315 2543 auxiiium
1337 2497 1401 2543 non
1422 2475 1532 2563 seram,

356 2579 468 2650 habeo.
512 2581 621 2649 Timeo
651 2581 733 2646 enim
762 2602 802 2648 ne
829 2579 878 2646 ias
906 2600 969 2646 non
995 2580 1035 2661 sit
1060 2577 1257 2673 despondere
1279 2580 1434 2658 animum,
1461 2602 1534 2650 cum

356 2684 531 2772 vituperari
552 2684 701 2758 iustitiam
723 2652 851 2762 audias,
858 2704 969 2771 neque
983 2681 1135 2750 auxilium
1149 2682 1244 2762 ferre,
1267 2685 1419 2771 quamdiu
1430 2684 1533 2772 spires

358 2797 520 2861 atrocem
542 2789 667 2879 mitiore
689 2787 801 2854 valeas.
848 2787 1008 2874 Optimum
1034 2787 1147 2871 igitur
1154 2808 1214 2874 pro
1236 2786 1406 2856 viribus
1375 2810 1406 2854 er
1429 2789 1534 2876 opitu·

355 2891 425 2959 lari.
472 2896 551 2959 Tum
575 2871 692 2960 Glauco
715 2898 746 2957 et
747 2890 882 2982 reliqui
904 2899 1098 2978 rogaverunt
1120 2900 1154 2956 ut
1167 2891 1253 2958 omui
1268 2897 1364 2959 modo
1380 2893 1533 2959 auxilium

355 2995 455 3072 ferret
477 3014 579 3082 neque
601 2977 772 3090 dimitteret
793 3015 990 3086 sermonem,
1013 2993 1068 3060 sed
1090 2994 1293 3079 investigaret
1313 2995 1391 3082 quid
1411 3005 1533 3063 utrum-

356 3100 543 3186 quasitot
565 3097 603 3164 de
625 3098 758 3165 utilitate
780 3079 945 3186 utriusque
966 3119 1080 3165 verum
1102 3098 1263 3192 quomodo
1285 3120 1319 3166 se
1340 3093 1464 3166 babeat.
1488 3091 1533 3166 ·'0

356 3227 389 3270 τε
418 3189 477 3270 οὖν
503 3199 663 3282 Ιλαυκων
692 3209 745 3270 καὶ
776 3205 807 3269 οἱ
836 3199 933 3287 αλλσι
954 3204 1082 3270 ἐδέοντο
1102 3208 1202 3277 παντὶ
1223 3198 1333 3295 τρόπῳ
1353 3204 1533 3289 βοηθῆσαι

355 3310 411 3374 καὶ
432 3302 477 3393 μὴ
497 3301 624 3394 ἀνεῖναι
647 3331 705 3374 τον
719 3299 843 3393 λόγον,
872 3301 957 3373 ἄλλα
987 3301 1284 3397 διερευνήσασθαι,
1313 3307 1352 3372 σι’
1379 3303 1404 3373 r'
1415 3306 1533 3374 ἔστιν

355 3405 553 3502 έκατερον
585 3415 653 3478 καὶ
683 3417 781 3499 περὶ
803 3412 892 3493 ,τῆς
924 3405 1127 3495 ὠφελείας
1165 3405 1533 3501 αὐταῖντᾶληθὲς

355 3517 537 3605 ιιοιέριις
559 3507 652 3603 ἔχει
695 3518 807 3594 Dediia
836 3535 932 3601 opera
958 3521 990 3581 et
1015 3513 1119 3602 priori
1147 3514 1284 3590 sectione
1310 3520 1408 3580 iotam
1438 3513 1533 3581 Glau-

356 3616 442 3684 conis
462 3625 559 3706 atque
578 3617 734 3686 Adimanti
755 3617 1014 3704 postulationem,
1037 3617 1080 3684 de·
1100 3616 1156 3694 eo,
1177 3616 1254 3704 quid
1275 3624 1307 3684 et
1329 3617 1490 3704 quomodo
1512 3638 1532 3684 a

356 3723 486 3800 Socrate
507 3721 569 3790 dici
590 3721 700 3798 veiint,
724 3731 754 3804 et
776 3742 858 3788 nunc
880 3725 1016 3813 Socratis
1038 3722 1294 3807 responsionem,
1318 3715 1389 3797 oum
1411 3719 1531 3787 lectore

356 3824 664 3901 communicavimus.
687 3847 726 3892 ne
748 3825 788 3892 de
809 3823 871 3890 fine
892 3833 986 3912 atque
1008 3825 1140 3892 oonsilio
1162 3825 1285 3912 operis,
1308 3824 1396 3911 qnod
1417 3845 1531 3896 seeun-

357 3934 432 4014 dum
452 3919 504 3999 iiia
525 3932 559 3995 io
575 3932 729 3996 ἰαισααδι
744 3950 816 4008 aero
833 3932 967 3996 iustitiae
980 3932 1172 4013 praestantia
1192 3929 1329 4017 positum
1352 3936 1410 4009 est,
1431 3927 1531 3997 ulium

355 4087 691 4111 w--n--u-——d—

428 4193 449 4256 *i
469 4195 509 4250 Gi.
530 4195 601 4252 iocos'
619 4211 686 4263 quos
704 4209 785 4261 supra
801 4171 1006 4261 spatiosioribus
1019 4195 1113 4252 litteris
1132 4195 1299 4252 exscribendi
1318 4199 1481 4254 curavimus.

413 4301 449 4369 *ii
467 4305 535 4360 Vide
553 4309 640 4372 ipsum
660 4308 791 4362 contraris
810 4307 979 4376 prodientem
996 4309 1077 4374 primi
1098 4306 1159 4363 iibri
1175 4309 1238 4367 iius,
1256 4314 1260 4328 ¹
