3334 5142
852 449 895 467 ..
938 414 999 483 loc
1041 448 1082 467 ..-

380 599 516 667 peregre
542 581 684 652 abesset
716 568 931 644 incursionem
959 577 993 643 in
1013 597 1088 643 suos
1108 574 1188 645 lines
1208 576 1457 646 factamiocose
1479 602 1554 647 con-

383 690 585 772 quereretur,
606 682 656 747 vel
678 680 909 767 defatigationis
929 703 1004 747 same
1022 684 1177 749 rationem
1192 702 1256 750 non
1269 682 1406 749 habitam
1422 684 1553 761 doleret,

383 787 542 875 quomodo
561 789 688 852 Ficinus
709 790 956 878 στρατευομένῳ
969 786 1194 872 interpretatus
1209 789 1249 852 sit
1264 788 1390 852 miiitiae
1404 788 1555 855 marcia

381 896 445 957 ὅσοι
461 894 607 974 defessa»
634 908 771 977 quorum
792 890 871 955 nihil
891 912 1019 983 verum,
1041 892 1286 976 praeferremus.
1329 894 1407 956 Nam
1420 892 1555 958 'dmtdat

382 998 529 1061 Socrates
555 1015 591 1061 se
610 1014 768 1061 sermone
797 997 837 1060 de
866 1014 901 1059 re
928 994 1074 1071 militari,
1105 996 1554 1078 wistremirum,

381 1098 546 1183 abreptum
567 1103 645 1163 haec
665 1099 894 1184 percensuisse,
917 1098 1039 1163 etiamsi
1060 1120 1119 1183 per
1140 1118 1173 1163 se
1195 1099 1374 1164 necessaria
1395 1118 1461 1165 non
1483 1100 1555 1165 sint.

382 1206 459 1278 &rm
479 1223 542 1291 qua
563 1202 774 1289 explicatione
793 1212 972 1289 congruunt
993 1223 1073 1288 quac
1094 1207 1298 1289 praecedunt,
1322 1194 1430 1291 ὥσπερ
1452 1228 1557 1268 κατα-

381 1303 507 1393 δρομὴν
528 1302 670 1387 ἐποιήσω
692 1308 743 1373 ἐπὶ
765 1302 824 1374 τὸν
844 1301 944 1391 λόγον
962 1330 1037 1391 μου.
1080 1308 1174 1383 Quod
1187 1314 1292 1373 autem
1306 1310 1339 1373 in
1353 1305 1557 1391 sequentibus

380 1414 565 1477 cunctationi
585 1420 619 1476 et
638 1413 744 1501 tineosi
764 1412 1077 1495 suoignosccndum‘
1090 1410 1190 1475 fuisse
1205 1408 1280 1475 dicit
1294 1413 1451 1485 Socrates,
1474 1432 1558 1495 qnae
1638 1464 1639 1503 γ

381 1515 576 1580 Schneidero
598 1514 842 1599 explicationem
864 1517 955 1579 verbi
976 1508 1249 1603 στραγγεῦεσθαι
1268 1518 1430 1579 continere
1445 1512 1558 1579 viden-
1638 1594 1639 1599 ἵ

378 1627 450 1694 tur,
475 1619 516 1683 iis
544 1616 637 1684 nobis
666 1621 812 1685 Socrates
840 1619 929 1703 qnasi
954 1638 1063 1684 veram
1085 1614 1289 1683 annotationis
1311 1640 1386 1683 suae
1409 1638 1555 1695 causam,

381 1722 456 1787 licet
476 1725 576 1808 ipsam
599 1740 724 1809 quoque
743 1720 863 1799 falsam,
886 1720 942 1787 sed
962 1700 1122 1808 prioribus
1142 1741 1330 1807 coemam,
1359 1721 1400 1787 cf.
1424 1744 1457 1805 p.
1480 1724 1556 1799 b57,

382 1829 433 1902 E„
453 1825 570 1891 offerre
583 1825 718 1903 videtur,
737 1846 833 1912 quum
849 1826 882 1891 in
896 1828 954 1900 bis,
979 1821 1017 1891 οὐ
1033 1821 1283 1911 συγγιγνώσκεις
1297 1825 1557 1917 στρατευομένῳ,

384 1938 493 2013 aperte
520 1930 640 1995 iocatus
668 1930 717 1995 sit.
761 1932 842 1994 Sunt
868 1929 965 2013 igitur
985 1934 1063 1995 haec
1085 1928 1268 2015 explicanda
1290 1948 1330 1993 ex
1351 1931 1390 1993 iis
1412 1949 1496 2016 quae
1518 1932 1559 1993 ad

382 2053 416 2119 p.
441 2035 512 2110 1⁸57,
535 2038 570 2105 E.
592 2033 741 2110 diximus,
765 2042 798 2100 et
819 2030 977 2117 detegitur
996 2031 1084 2098 frans
1106 2053 1145 2099 eo
1166 2036 1245 2119 ipso,
1270 2032 1358 2117 quod
1371 2032 1480 2113 iidem,
1503 2034 1559 2119 qui
1638 2026 1639 2035 ’

383 2143 474 2202 antm
496 2136 535 2201 de
556 2137 650 2203 buius
669 2138 803 2202 instituti
823 2138 957 2202 utilitate
979 2136 1041 2201 dici
1061 2136 1239 2211 voluerant,
1273 2154 1356 2201 nunc
1375 2156 1558 2203 sermonem

382 2238 527 2327 abrumpi
548 2242 727 2327 postulant,
741 2250 773 2306 et
793 2245 880 2328 quod
902 2244 1061 2316 Socrates,
1084 2238 1138 2325 σοί
1160 2247 1227 2307 tum
1247 2240 1425 2305 sermonem
1446 2244 1489 2307 de
1511 2246 1560 2306 in-

382 2343 481 2409 stituti
509 2343 642 2410 utilitate
664 2347 885 2429 subterfugere
906 2344 988 2410 velle
1009 2344 1194 2419 videbatur,
1224 2352 1260 2409 ut
1281 2349 1322 2409 de
1343 2344 1557 2429 possibilitate

382 2448 523 2523 diceret,
555 2469 639 2513 nnnc
660 2448 778 2515 diutins
799 2470 893 2535 mam
909 2448 960 2513 illi
982 2454 1092 2534 optant
1111 2448 1145 2514 in
1168 2452 1229 2513 boc
1249 2468 1395 2513 sermone
1417 2470 1560 2515 commo-

381 2558 488 2628 ratur,
518 2561 550 2616 et
579 2553 757 2618 sermonem
785 2557 827 2619 de
854 2552 1062 2637 possibilitate
1084 2552 1201 2616 animm
1222 2552 1303 2617 velle
1325 2556 1466 2623 videtur,
1508 2555 1555 2618 Cf.

382 2676 416 2741 p.
440 2657 512 2730 1071,
537 2657 571 2726 C.
593 2660 735 2732 aaut,
756 2660 795 2719 B.
842 2655 903 2721 Sed
924 2655 1085 2721 rideamus
1107 2658 1200 2720 etiam
1223 2664 1339 2741 quanta
1360 2652 1559 2743 arte'paula-

383 2760 440 2823 tim
463 2764 565 2824 oratio
587 2780 625 2824 eo
647 2759 780 2830 deducta
801 2762 853 2836 eit,
876 2766 911 2825 ut
928 2758 1038 2825 dicere
1052 2768 1181 2846 posset,
1193 2780 1266 2824 nam
1286 2763 1347 2825 ieta
1367 2762 1477 2825 cicitm
1490 2762 1559 2844 fieri

375 2867 489 2947 pacat,
512 2873 542 2927 ct
561 2866 716 2947 perede.
761 2860 873 2929 Adbuc
891 2866 926 2929 in
947 2884 985 2928 eo
1007 2873 1130 2929 versata
1152 2872 1221 2929 erat
1241 2864 1344 2931 oratio
1364 2872 1399 2930 ut
1421 2885 1558 2951 quaere-

322 2954 326 2965 ’
382 2975 482 3044 rebar,
505 2988 581 3032 num
602 2971 686 3052 apud
707 2970 851 3034 homines
873 2966 941 3032 lieri
963 2975 1068 3053 posset
1088 2967 1150 3033 ieta
1167 2967 1327 3033 molieram
1340 2970 1559 3052 liberorumque

382 3072 561 3137 commeatio.
606 3075 689 3136 Ecce
717 3070 821 3137 subito
852 3074 891 3135 de
920 3090 959 3136 eo
989 3086 1175 3139 sermonem
1198 3056 1268 3138 esse
1289 3070 1450 3149 videmus,
1480 3094 1560 3137 ,nom
1638 3082 1639 3089 ’

383 3178 490 3239 cicitm
509 3180 571 3240 iata
588 3178 658 3259 ficri
669 3177 779 3258 possit,
801 3179 888 3259 qnod
911 3194 1013 3260 neque
1035 3174 1227 3259 postulatum
1246 3184 1314 3241 erat
1328 3170 1432 3252 antea,
1454 3196 1559 3261 neque

384 3278 537 3365 postulari
566 3287 709 3365 poterut,
744 3279 770 3344 si
799 3278 902 3343 omnis
929 3277 970 3343 de
998 3278 1123 3343 civitate
1150 3279 1277 3347 babitus
1303 3298 1408 3345 sermo
1436 3288 1558 3347 mntem

383 3382 519 3447 iustitiae
530 3378 732 3468 explicandae
747 3388 849 3466 gratia
866 3384 991 3447 habitus
1006 3388 1101 3448 esset.
1131 3386 1221 3448 Hanc
1234 3370 1313 3449 vero
1328 3386 1557 3468 quaestionem,

384 3488 528 3570 qamaodo
556 3483 662 3551 civitas
688 3490 748 3551 ista
773 3490 842 3571 fieri
857 3490 970 3569 poscit,
1000 3507 1080 3571 quae
1102 3474 1166 3551 non
1188 3486 1320 3553 multum
1342 3487 1501 3575 discrepat
1521 3493 1559 3554 ab

382 3590 490 3665 altera,
511 3611 585 3655 aram
598 3593 671 3675 'ficei
686 3594 785 3674 poscit
804 3600 839 3654 ot
859 3593 922 3655 aiot
941 3610 1109 3654 commones
1122 3592 1262 3655 mulieres
1274 3594 1471 3674 atptoeiiberi,
1494 3612 1559 3656 non

383 3696 541 3759 diversam
570 3713 639 3760 esse
661 3694 839 3759 videbimus
861 3698 901 3759 ab
923 3694 1003 3771 alia,
1034 3690 1126 3779 quam
1148 3696 1192 3759 ita
1212 3698 1423 3781 pronunciare
1445 3696 1557 3761 liceat:

384 3802 436 3886 pai
463 3802 663 3882 mapistratae
689 3820 750 3863 cccc
776 3801 910 3869 debeam,
944 3801 1058 3863 siieto
1081 3800 1189 3862 civiter
1215 3790 1323 3881 satura
1351 3802 1402 3863 eit.
1448 3800 1496 3863 Ita
1521 3802 1559 3864 de

383 3902 618 3987 magistratibus
633 3903 767 3967 dicendi
788 3908 988 3969 occasionem
1008 3898 1212 3977 nanciscitur,
1240 3922 1324 3987 qnae.
1343 3900 1409 3968 sola
1431 3923 1484 3968 res
1507 3901 1560 3968 ad-

384 4006 446 4072 buc
467 4007 653 4093 explicanda
674 4017 742 4073 erat
763 4007 937 4073 accuratius
959 4026 1053 4094 quam
1073 4008 1166 4071 tertio
1189 4005 1271 4071 libro
1292 4004 1408 4075 fectum
1431 4012 1496 4083 est,
1524 4015 1560 4072 ut

386 4110 546 4194 perfectae
582 4111 716 4177 civitatis
753 4110 921 4194 descriptio
954 4110 1045 4196 plane
1076 4108 1303 4176 absolveretur.
1345 4112 1463 4195 ‘Atque
1498 4110 1559 4175 hoc

386 4215 481 4279 etiam
507 4215 579 4281 loco
599 4223 700 4296 artem
721 4214 858 4280 Platonis
879 4214 1027 4279 admirari
1047 4212 1142 4289 libet,
1171 4236 1233 4299 qua
1254 4211 1288 4278 id
1309 4218 1470 4279 assecutus
1493 4221 1556 4289 est,

386 4327 424 4387 ut
451 4318 491 4385 de
520 4318 649 4405 singulis
678 4316 855 4405 qrribusqne
885 4318 1034 4385 institutis
1055 4318 1189 4387 civitatis
1210 4316 1314 4387 dicere
1333 4326 1461 4403 posset,
1494 4338 1557 4383 non
