3334 5142
852 432 893 453 ·-·
934 403 1080 473 llll-e

382 553 542 653 ἀριθμῶν
568 556 698 656 φάσεως
724 558 910 657 ἀφίκωνται
937 563 976 658 τῇ
1002 556 1113 644 νοήσει
1142 556 1242 657 αὐτῇ,
1278 556 1337 629 οὐκ
1364 556 1447 645 ὦνῆς
1473 556 1551 629 οὐδὲ

382 661 532 755 πράσεως
563 662 663 755 χάριν
694 661 737 746 ὡς
768 661 931 753 ἐμπόρους
963 662 983 747 ἢ
1014 660 1181 749 καπήλους
1214 666 1431 753 μελετῶντας,
1467 659 1549 730 ἀλλ’

382 771 499 837 ἕνεκα
520 773 696 858 πολέμου
716 794 750 838 τε
772 774 827 836 καὶ
850 764 951 850 αὐτῆς
972 770 1030 851 τῆς
1050 769 1160 864 ψυχῆς
1181 763 1349 861 ῥᾳστώνης
1369 791 1554 863 μεταστρο-

382 873 450 961 φῆς
471 868 538 939 άπὸ
560 877 712 959 γενέσεως
733 868 778 941 ἐπ’
802 866 970 954 ἀλήθειάν
992 897 1025 939 τε
1046 878 1103 940 καὶ
1124 867 1248 939 οὐσίαν.
1290 873 1337 939 of.
1360 894 1393 958 p.
1417 875 1490 947 525,
1512 874 1552 935 Β.

383 974 419 1046 C·
465 976 611 1043 Ceterum
631 979 664 1043 in
685 986 867 1047 transcursu
888 997 1070 1053 monemus,
1100 980 1237 1063 probare
1264 978 1465 1041 etiamnunc
1487 994 1556 1040 ser·

380 1098 526 1157 monem,
555 1082 681 1166 inquo
710 1080 944 1167 disciplinarum
972 1084 1011 1146 ad
1040 1078 1229 1146 erudiendos
1257 1081 1402 1147 custodes
1426 1076 1555 1146 utilium

381 1180 521 1253 delectus
545 1183 735 1263 instituitur,
768 1183 963 1271 recipiuntur
991 1182 1171 1269 disciplinae
1198 1202 1331 1269 quarum
1354 1202 1392 1247 ea
1412 1189 1461 1251 cst
1483 1180 1554 1256 vis,

381 1293 418 1352 ut
438 1286 552 1354 mentis
573 1286 675 1353 aciem
696 1287 738 1354 ad
758 1289 969 1353 contuendum
990 1286 1024 1351 id
1045 1290 1130 1373 quod
1151 1306 1227 1354 uere
1248 1288 1287 1349 sit
1308 1284 1462 1357 excitent,
1490 1302 1556 1349 non

382 1391 476 1477 aliam
508 1388 550 1456 oh
579 1412 723 1468 cansam,
761 1412 857 1477 quam
884 1397 920 1455 ut
947 1394 1073 1456 tandem
1103 1389 1144 1456 ad
1170 1375 1420 1475 cognoscendam
1447 1385 1557 1452 ideam

381 1492 459 1559 boni
479 1492 510 1562 lu.
532 1514 562 1559 ο.
587 1514 743 1561 summum
765 1493 923 1582 perfectae
945 1493 1077 1560 civitatis
1099 1494 1290 1577 principium
1312 1494 1425 1557 adduci
1438 1488 1555 1577 possit,

369 1594 485 1663 ideam
505 1597 584 1663 boni
603 1618 669 1664 non
690 1619 760 1665 csse
780 1602 893 1664 Deum.
940 1596 985 1663 Cf.
1007 1617 1040 1683 p.
1064 1601 1135 1673 523,
1157 1601 1194 1663 Α.
1211 1632 1253 1645 -
1272 1615 1304 1682 p.
1329 1598 1401 1673 525,
1422 1596 1459 1660 Β.
1481 1591 1557 1659 coll.

371 1720 414 1787 p.
438 1701 513 1777 521,
535 1704 572 1767 Ε.
594 1704 661 1783 St.;
684 1725 718 1787 p.
742 1705 804 1772 526
825 1706 863 1767 Ε.
887 1736 929 1751 -
951 1704 1022 1773 527
1047 1701 1100 1779 C.;
1122 1723 1154 1784 p.
1178 1702 1251 1775 529,
1271 1719 1340 1785 sqq.

389 1884 393 1888 ‚
466 1806 607 1878 Eundem
633 1805 765 1891 plene
755 1828 789 1871 m
812 1808 991 1891 ςιοπτίτία,
1022 1824 1116 1891 quam
1138 1802 1286 1922 deinceps
1308 1806 1556 1875 commemorat,

381 1906 536 1981 rationem
565 1912 707 1996 seqnitur
733 1909 958 2028 philosophps.
998 1909 1105 1975 Τοῦτο
1130 1914 1191 1995 μὲν
1219 1908 1345 1987 τοίνυν,
1377 1894 1486 1983 εἶπον,
1519 1896 1559 1971 ‘r'r

382 2006 459 2100 ἡμῖν
484 2012 622 2078 κείσθω
649 2008 856 2101 δεύτερονὸὲ
878 2009 917 2079 τὸ
940 2001 1090 2100 ἐχόμενον
1112 2005 1230 2077 τούτου
1253 2002 1463 2101 σκεψώμεθα
1486 1993 1558 2095 ἆρα

383 2138 416 2182 τι
437 2108 594 2213 προσήκει
616 2110 702 2202 ἡμῖν.
750 2113 796 2182 Τὸ
816 2120 932 2198 ποῖον,·
954 2111 974 2199 ἢ
995 2113 1202 2235 γεωμετρίαν,
1224 2113 1298 2205 ἔφη,
1319 2115 1440 2199 λέγειςς
1464 2105 1557 2177 Αὐτὸ

382 2217 498 2297 τοῦτο,
526 2203 665 2299 iste
630 2209 721 2336 εγιί.
754 2212 856 2286 Ὅσον
882 2225 961 2307 μὲν,
990 2216 1072 2309 ἔφη,
1100 2213 1182 2307 πρὸς
1204 2212 1246 2284 τά
1266 2212 1428 2303 πολεμικά
1450 2210 1559 2281 αὐτοῦ

357 2378 365 2394 ,
382 2324 487 2405 τείνει,
502 2312 637 2401 δῆλον”
616 2346 670 2389 οτι
682 2317 849 2410 προσήκει·
862 2318 944 2410 πρὸς
957 2316 1021 2408 γάρ
1035 2316 1094 2399 τάς
1107 2314 1396 2405 στρατοπεδεύσεις
1417 2322 1473 2385 καὶ
1496 2342 1559 2383 κα-

382 2418 544 2541 ,ταλάιμεις
561 2425 689 2514 χωρίων
709 2430 764 2492 καί
786 2420 979 2511 συναγωγάς
999 2428 1054 2491 καὶ
1073 2420 1218 2503 ἐκτάσεις
1239 2423 1399 2512 στρατιᾶς
1418 2426 1476 2489 καὶ
1491 2411 1558 2493 ὅσα

383 2522 423 2607 δὴ
446 2522 533 2595 ἄλλα
555 2528 789 2615 σχηματίζουσι
811 2524 853 2594 τά
876 2522 1121 2617 στρατόπεδα)
1106 2551 1139 2593 εν
1160 2522 1278 2605 αὐταῖς
1296 2550 1329 2593 τε
1345 2529 1417 2644 ταῖς
1431 2520 1560 2612 μάχαις

383 2635 441 2696 καὶ
455 2630 655 2731 πορείαις,
659 2627 872 2811 draps'por'
850 2655 891 2699 αν
921 2625 1026 2709 αὐτὸς
1048 2624 1153 2697 αὑτοῦ
1181 2625 1396 2745 γεωμετρικὸς
1423 2632 1481 2694 καὶ
1510 2622 1557 2715 μὴ

382 2784 516 2923 ἑξάρκοῖ
520 2838 728 2960 γεωμετρίας
748 2862 782 2903 τε
803 2862 860 2905 και
882 2838 1047 2923 λογισμων
1067 2831 1196 2961 μόριον
1227 2832 1265 2903 τὸ
1288 2836 1324 2901 δὲ
1344 2832 1429 2903 πολὺ
1452 2830 1560 2917 αὐτῆς

381 2945 438 3017 καὶ
464 2940 658 3059 πορρωτέρω
684 2935 801 3029 προϊὸν
827 2944 1031 3025 σκοπεῖσθαι
1053 2940 1146 3007 ὁεῖ
1122 2943 1155 3006 εί
1171 2964 1203 3007 τι
1224 2934 1307 3029 πρὸς
1328 2939 1428 3007 ἐκεῖνο
1450 2938 1559 3019 τείνει,

380 3038 464 3131 πρὸς
485 3038 524 3109 τὸ
544 3067 649 3109 ποιων
669 3044 851 3115 κατιδεῖνι
834 3045 917 3163 ρᾷον
938 3040 996 3127 τὴν
1018 3068 1076 3109 τοο
1061 3037 1238 3129 ἀγαθον
1260 3037 1362 3109 ἰδίαν.
1391 3041 1486 3109 τείνει
1511 3042 1558 3123 δὲ,

382 3153 509 3245 φαμὲν,
535 3141 644 3213 πάντα
665 3142 803 3225 αὐτόσε,
833 3140 899 3215 ὅσα
928 3142 1105 3231 ἀναγκάζει
1132 3142 1244 3239 ψυχὴν
1274 3170 1319 3223 εις
1348 3146 1469 3213 εκείνον
1499 3141 1560 3213 τὸν

383 3244 484 3316 τόπον
504 3252 862 3375 μεταστρεφεσθαι,
846 3274 879 3316 εν
905 3278 930 3317 ω
953 3252 1020 3317 ἐστὶ
1042 3247 1080 3317 τὸ
1102 3244 1396 3335 εὐδαιμονέστατον
1418 3248 1479 3317 τοῦ
1502 3244 1560 3315 ὅν·

382 3377 450 3433 τος,
472 3346 689 3434 doederlein
707 3358 805 3419 παντὶ
828 3347 939 3445 τρόπῳ
962 3350 1049 3421 ἰδεῖν.
1087 3348 1331 3443 θρθῶςᾎεφη,
1352 3353 1464 3439 λέγεις.
1511 3352 1558 3416 Cf.

380 3477 415 3548 p.
415 3446 517 3532 5,26
552 3458 585 3526 (l.
609 3459 654 3521 St
699 3455 794 3536 Quod
821 3478 863 3522 ex
892 3457 963 3523 ider
990 3458 1086 3533 boni,
1116 3477 1196 3542 quae
1217 3458 1312 3538 totius
1335 3454 1560 3539 disputationis

382 3564 423 3627 dc
419 3557 587 3675 perfecta
606 3558 778 3645 Republica
798 3580 872 3645 pars
894 3569 942 3626 est
961 3560 1055 3645 longe
1077 3558 1270 3645 gravissima,
1293 3561 1411 3647 quippe
1434 3579 1559 3643 exque

380 3642 449 3751 ipis
469 3662 660 3747 Respublica
681 3672 829 3749 tanquam
851 3684 891 3728 cx
912 3683 970 3729 ore
991 3662 1127 3747 aliquo'
1119 3683 1222 3745 imago
1246 3664 1455 3746 exprimatur,
1478 3683 1558 3749 pen-

381 3771 458 3833 dere
480 3765 556 3832 dicit
575 3775 702 3845 auctor,
733 3778 839 3834 utrum
861 3767 1044 3851 recipienda
1065 3771 1105 3833 sit
1127 3766 1234 3853 aliqua
1252 3765 1472 3851 disciplinam
1494 3774 1559 3831 stu-

383 3871 509 3942 diorum
537 3872 667 3944 orhem,
696 3891 737 3935 an
764 3870 956 3947 reiieienda,
985 3870 1019 3936 id
1047 3869 1283 3955 huncquoque
1313 3888 1494 3937 sermonem
1517 3872 1558 3935 ad

383 3973 541 4039 civitatem
573 3972 747 4060 perfectam
774 3976 935 4060 pertinere
963 3976 1088 4058 prohat.
1138 3976 1204 4039 Nee
1231 3971 1324 4038 aliam
1357 3975 1399 4037 ob
1432 3991 1559 4051 causam

384 4075 632 4164 demonstratum
654 4084 702 4143 est
722 4076 798 4162 quid
812 4076 952 4143 utilitatis
972 4079 1013 4143 ud
1034 4097 1102 4143 rem
1117 4076 1284 4161 militarem
1305 4096 1345 4141 cx
1365 4075 1559 4159 geometriae

384 4181 563 4270 cognitione
588 4185 837 4247 redundaturum
862 4180 911 4249 sit
954 4176 1048 4260 Quod
1076 4187 1180 4245 tamen
1208 4177 1447 4255 secundarium,
1479 4178 1559 4244 illud

382 4282 589 4375 praecipuum
605 4304 679 4354 esse
699 4282 766 4357 uult
778 4281 993 4375 philosophus.
1036 4288 1142 4349 Recte.
1189 4280 1397 4352 Conseruntur
1417 4285 1504 4349 hunc
1525 4280 1558 4347 in
