3334 5142
845 366 1076 487 4291...

372 581 557 647 educatione
590 578 677 645 ciuili
707 577 880 664 (politlsoh'e
902 580 1091 666 nuncnung)
1119 579 1284 649 coniuncta
1314 596 1398 659 esse,
1428 590 1462 650 et
1482 586 1547 651 boo

372 686 442 771 ipso
463 683 534 750 loco
554 680 704 761 dixisset,
728 681 768 751 de
790 684 860 749 idea
875 684 968 761 boni,
991 706 1072 771 quae
1087 684 1260 751 arctissime
1283 684 1450 753 cohaereat
1472 708 1546 753 cum

370 786 499 853 notione
520 784 666 862 virtutis,
688 788 750 853 dici
772 790 909 859 omnino·
922 788 1160 874 nnnpotuiese,
1180 792 1242 854 nisi
1258 798 1366 855 nostra
1379 793 1547 857 interesset

368 890 465 957 ultam
484 896 627 956 nostram
654 899 739 956 recte
759 892 914 970 ordinari,
939 896 973 956 b.
997 911 1025 957 e.
1047 890 1254 958 nisi·virtutis
1276 891 1420 959 defensio
1440 900 1544 962 totum

371 1004 450 1081 opus
464 987 794 1080 duceretetregeret,
816 995 875 1061 ita
897 997 997 1061 fieri
1018 994 1244 1061 affirmans
1266 995 1544 1063 utdialeoticn

270 1149 274 1154 -
371 1100 502 1164 omnia
521 1099 701 1181 priorum
731 1116 961 1165 sermonum
989 1101 1055 1164 hie
1083 1105 1341 1184 repetantur,
1372 1098 1485 1165 inter
1507 1117 1546 1166 se

371 1199 683 1287 coniungantur,
715 1211 753 1268 et
777 1202 894 1287 qnasi
920 1203 1160 1269 conclusura
1186 1206 1358 1291 quadam
1383 1203 1547 1269 firmen-

371 1313 436 1372 tur
443 1328 453 1385 ;
481 1306 517 1399 Ιι)
544 1305 823 1389 pugnare‘seunm
853 1305 1175 1373 Schleiermacherum
1202 1309 1316 1373 iterum
1348 1328 1388 1372 ac
1419 1307 1558 1392 saepius*

368 1425 454 1475 nunc
471 1430 536 1476 non
563 1408 665 1475 solum
693 1406 915 1486 affirmantem,
944 1430 1016 1477 cum
1044 1430 1191 1477 sermone
1215 1413 1255 1475 de
1284 1410 1421 1476 iustitiae
1448 1410 1543 1477 laude

369 1512 505 1578 naturali
526 1511 663 1597 quodam
684 1512 811 1579 vinculo
833 1518 1005 1579 cohaerere
1033 1514 1278 1601 disputationem
1306 1518 1346 1579 de
1375 1514 1446 1579 idea
1468 1512 1546 1579 boni

372 1622 405 1681 et
425 1616 589 1682 dialectica
609 1615 729 1707 omnia,
746 1623 786 1689 et
806 1620 1034 1688 concedentem
1053 1617 1147 1683 etiam
1169 1616 1208 1682 ad
1221 1616 1458 1709 Rempublicam
1472 1636 1545 1701 per·

371 1722 472 1788 tinere
492 1739 556 1785 non
578 1719 885 1795 solnmbaocnem,
917 1718 1085 1787 sedetiam
1114 1720 1358 1805 disputationem
1387 1720 1426 1786 de
1454 1719 1545 1806 poe'si

372 1823 518 1901 mimica,
542 1844 640 1910 φιιιιιι
653 1826 748 1913 paulo
762 1832 834 1890 ante
850 1822 976 1891 difficile
991 1844 1060 1891 esse
1074 1822 1221 1911 probatu
1224 1822 1411 1901 iudicasset,
1435 1844 1545 1912 quem·

253 1948 259 1954 ·
372 1927 543 1993 admodum
563 1927 622 1993 bae
642 1948 695 1995 res
715 1948 787 1995 cum
814 1948 878 1994 uno
906 1928 1045 1994 alterove
1071 1928 1185 2011 Operis
1206 1926 1268 1993 line
1290 1928 1470 1993 necessario
1491 1948 1545 1993 co-

371 2030 557 2118 baercrent3
580 2030 621 2097 cl.
644 2053 676 2119 p.
699 2037 752 2098 65.
775 2031 889 2099 innoti.
912 2031 942 2117 5)
965 2034 1050 2119 quod
1074 2032 1192 2098 Glauco
1214 2038 1247 2096 et
1267 2033 1449 2098 Adimantus
1471 2030 1545 2097 reli·

372 2135 490 2227 quique
510 2153 620 2202 omnes
642 2135 697 2221 qui
717 2135 775 2202 boe
798 2134 937 2202 Socratis
954 2134 1128 2202 ‘sermones
1158 2133 1343 2201 audiverant
1365 2136 1543 2211 discedant,

372 2238 451 2306 nlbil
471 2239 613 2322 anplius,
626 2248 875 2327 exspectantes,
891 2240 965 2305 inde
986 2252 1049 2319 non
1078 2236 1184 2323 sequi,
1212 2257 1282 2303 esse
1308 2237 1545 2325 itempublicam

373 2345 463 2429 qnasi
491 2343 709 2411 concluseram
740 2346 879 2409 omnium
908 2344 1053 2426 priorum
1079 2340 1341 2428 disputationum,
1376 2344 1433 2409 sed
1464 2359 1545 2428 opus

372 2458 432 2531 per
449 2445 634 2533 septenum
656 2455 689 2513 et
708 2445 902 2525 absolutum,
925 2446 987 2531 6)
977 2460 1083 2532 ipsum
1095 2445 1417 2515 Schleiermaebernm
1433 2464 1545 2511 conce·

372 2547 450 2616 dure
470 2552 613 2617 iteratam
628 2549 839 2617 narrationem
861 2551 1048 2629 Πολιτείας,
1070 2563 1163 2635 quam
1177 2568 1235 2615 nos
1250 2549 1349 2643 solam
1363 2547 1544 2623 habeamus,

372 2658 413 2721 ad
433 2653 660 2740 rempublicam
673 2641 844 2738 pertinere
888 2654 953 2719 Gur
965 2653 1061 2739 igitur
1074 2652 1165 2718 aliter
1179 2656 1218 2719 de
1233 2655 1340 2738 operis
1357 2662 1544 2737 argumento

372 2758 547 2848 indicemus
568 2778 663 2844 quam
682 2778 742 2823 nos
768 2756 894 2823 Plato
884 2778 971 2841 ipse,
1001 2776 1070 2821 rem
1096 2757 1141 2821 ita
1167 2774 1376 2841 componens,
1404 2754 1545 2821 iudicare

291 2850 294 2858 “
372 2860 526 2927 voluerit?
547 2859 577 2944 7)
592 2863 687 2939 Quod
697 2882 762 2927 non
777 2864 810 2927 in
823 2860 914 2927 initio
929 2862 1144 2944 Reipublicae,
1162 2864 1241 2927 sed
1232 2884 1265 2927 m
1279 2864 1407 2927 Timaeo
1419 2859 1545 2927 demum

321 2980 331 2999 ¹·
372 2963 634 3045 iinominentur‚
664 2966 945 3050 quibuerocrates
972 2972 1191 3051 argumentum
1214 2963 1414 3051 Reipublicae
1440 2967 1554 3029 denuo‘

372 3064 559 3145 narrauerit,
586 3068 631 3134 ita
658 3069 751 3134 lacile
780 3067 949 3155 cnplicari,
978 3068 1005 3133 si
1026 3078 1215 3145 sumamus,
1230 3068 1392 3134 Platonem
1419 3070 1546 3133 demum

374 3191 472 3260 quum
492 3172 657 3238 Timaeum
677 3171 815 3238 scribme
838 3174 1010 3256 coepisset,
1037 3172 1171 3248 vidisse,
1197 3180 1271 3255 apte
1304 3172 1454 3255 coniungi
1475 3172 1547 3236 Rei-

371 3276 516 3365 publicae
538 3282 756 3361 argnmentum
787 3278 1028 3354 num'limne03
1062 3296 1137 3353 nec,
1171 3278 1265 3341 etiam
1293 3274 1419 3340 eiiam·
1432 3274 1543 3351 initio,

350 3446 356 3459 Ι
371 3401 469 3466 quum
490 3380 726 3467 ltempnblicam
740 3382 881 3447 scribere
896 3378 1069 3465 coepisset,
1093 3378 1290 3465 propositum
1312 3377 1433 3443 Platoni
1447 3376 1547 3441 baisse

371 3489 544 3549 statuamus
571 3468 732 3549 namhoc
759 3504 857 3568 opere
885 3486 1047 3549 Timaeum
1075 3480 1286 3567 coniungere,
1316 3482 1390 3547 inde
1419 3478 1543 3565 colligi,

370 3586 456 3673 quod
477 3586 985 3673 collegerit‘Schleiermaeberus,
1008 3605 1083 3653 vera
1096 3604 1159 3656 nou
1175 3606 1244 3650 esse
1271 3584 1398 3673 quaein
1414 3586 1545 3649 Timaeo

370 3694 410 3757 de
431 3700 618 3777 argumento
644 3686 847 3774 Reipublicae
876 3690 1037 3765 dicantur,
1070 3692 1096 3753 si
1123 3686 1251 3776 quidem
1279 3686 1380 3771 ipsam
1408 3692 1546 3774 Rempu·

369 3792 484 3887 blicam
504 3796 669 3881 respicias,
698 3816 758 3862 nec
776 3794 910 3879 intelligi
930 3814 988 3859 cur
1010 3790 1191 3859 Platorem
1219 3812 1282 3856 non
1306 3792 1351 3855 ita
1377 3791 1545 3855 instituere

368 3878 526 3982 potuerit,
556 3905 606 3961 ut
618 3897 768 3975 instituit,
792 3901 818 3963 si
847 3915 922 3963 vern
944 3898 1024 3974 sint;
1057 3895 1087 3981 8)
1110 3906 1223 3980 parum
1250 3914 1422 3979 congruum
1452 3914 1543 3973 esse,

367 4005 484 4089 prod
473 4008 514 4079 ri,
545 4000 660 4089 quibus
681 4007 829 4071 narrabat
852 3988 1012 4075 Socrates,
1042 4020 1114 4065 cum
1136 4006 1254 4065 tantum
1277 4001 1315 4064 de
1337 3997 1462 4064 civitate
1482 3996 1541 4061 ba·

366 4104 473 4173 bitos
470 4126 634 4173 sermones
655 4105 764 4171 audire
778 4106 913 4182 vellent,
936 4103 1024 4191 quod
1037 4103 1117 4170 lelso
1132 4122 1257 4169 sumere
1275 4101 1546 4167 Schleiermacbe·

367 4230 441 4277 rum
460 4210 641 4284 docuimus,
665 4211 764 4275 etiam
784 4205 907 4295 reliqua
928 4210 1033 4275 omnia
1055 4210 1166 4273 audire
1188 4212 1359 4292 cogantur,
1389 4212 1421 4270 et
1446 4218 1545 4290 saepe

366 4313 451 4380 inter
472 4309 663 4381 narrandum
698 4313 838 4380 declaret
865 4315 1023 4388 Semeles,
1050 4313 1187 4381 iustitiae
1216 4310 1418 4395 quaerendae
1445 4327 1545 4375 musa
