3334 5142
760 360 1085 443 1-26-

391 516 478 592 ιιαθ
509 512 588 592 ὅσον
613 518 655 590 ἂν
681 519 739 611 μὴ
755 523 810 619 ἔχῃ
832 518 938 643 λόγον
959 517 1050 615 αὐτῷ
1071 548 1105 591 τι
1126 526 1182 592 καὶ
1201 518 1292 615 ἄλλῳ
1314 514 1453 606 διδόναι,
1476 514 1563 587 κατὰ

391 628 551 748 τοσρῦτον
579 627 656 694 νοῦν
679 632 753 717 περὶ
782 624 906 703 τοῦτον
928 622 966 706 οὐ
996 622 1113 715 φήσεις
1141 626 1239 715 666·
1268 626 1358 705 Πῶς
1364 622 1431 716 μὰρ
1452 621 1510 705 ι’ίν,
1541 610 1562 705 6

391 724 461 794 6'‘
449 723 502 810 τίς,
531 730 652 821 φαίηνς
684 727 810 799 θῦιιοῦν
840 735 988 822 καὶπερὶ
1014 731 1074 797 τοῦ
1101 725 1241 817 ἀγαθοῦ
1270 724 1433 807 ὡσαύτως
1462 722 1500 806 ῦς
1522 722 1564 794 66

390 826 436 917 μὴ
462 831 518 926 ,ἔχῃ
544 834 769 925 διορίσασθαι
795 834 842 926 τῷ
868 828 997 927 λάμφ’
976 830 1043 901 απὸ
1065 834 1128 902 τῶν
1149 830 1258 901 ἄλλων
1278 830 1409 903 πάντων
1430 826 1564 923 ἀφελὼν

391 930 450 1016 τὴν
471 936 531 1003 τοῦ
551 931 692 1022 ἇγαθσῦ
714 933 822 1015 ἰδέαν,
837 942 892 1005 καὶ
912 932 1020 1029 ὥσπερ
1043 938 1076 1005 ἐν
1095 931 1183 1032 μάχῃ
1205 933 1262 1004 διὰ
1282 931 1411 1005 πάντων
1426 936 1565 1023 ἐλέγχων

391 1034 525 1119 διεξιὼν,
545 1037 590 1124 μέ,
605 1037 691 1108 κατὰ
707 1036 816 1123 δόξαν,
839 1036 925 1110 6666
946 1036 1014 1109 κατ’
1039 1036 1155 1115 οὐσίαν
1174 1035 1453 1131 προθυμούμενος
1475 1041 1565 1125 ἐλέγ-

389 1165 477 1229 χειν,
515 1143 549 1213 ἐν
582 1145 665 1212 πᾶσι
699 1140 837 1223 τούτοις
859 1140 985 1213 ἆπτῶτι
1013 1139 1172 1236 τῷλόγῳ
1201 1138 1454 1229 διαπορεύηται,
1487 1137 1565 1209 οῦτο

390 1238 474 1316 αὐτὸ
495 1241 535 1311 τὸ
556 1242 696 1333 ἆγαθὸν
722 1242 840 1340 φήσεις
866 1244 985 1335 εἰδέναι
1012 1245 1071 1315 τὸν
1099 1239 1203 1367 ρῦτως
1231 1247 1346 1335 ἔχοντα
1375 1241 1450 1313 οῦτε
1478 1241 1565 1311 ἄλλο

390 1343 530 1435 ἀγαθὸν
550 1346 660 1431 οῦδὲν,
682 1347 800 1418 ἀλλ’
775 1356 810 1437 εί
823 1376 868 1434 πη
890 1346 1030 1419 εἰδώλου
1047 1346 1135 1429 τινὸς
1156 1345 1352 1450 ἐφάπτεται,
1381 1345 1479 1447 δόξῃ,
1504 1343 1566 1419 οὐκ

391 1447 553 1548 ἐπιστήμη
582 1448 798 1548 ἐφάπτεσθαι
830 1459 886 1521 καὶ
919 1451 977 1523 τὸν
1007 1445 1064 1522 νῦν
1095 1455 1169 1539 βίον
1201 1420 1475 1546 ὀνειροπολοῦντα
1508 1456 1566 1519 καὶ

349 1569 352 1575 ’
391 1550 611 1643 ὑπνώττοντα,
633 1563 709 1647 πρὶν
730 1552 854 1625 ἐνθάδε
877 1554 1133 1648 ἐξέμρεσθαι,
1103 1584 1149 1635 εις
1165 1548 1288 1625 'Ac6ou
1302 1552 1463 1680 πρότερον
1482 1550 1566 1649 ἀφι-

391 1653 527 1754 νόμενον
548 1663 662 1739 τελέως
682 1656 1024 1780 έπιιιαταδαρθοίνειν,Ι
1046 1658 1100 1743 N6
1122 1658 1180 1729 τὸν
1195 1662 1284 1738 Δία,
1307 1688 1327 1743 6
1312 1647 1425 1727 6⁶¹
1405 1687 1454 1741 ος,
1477 1654 1566 1751 σφῦ-

374 1764 456 1862 ,δρα
476 1787 512 1848 ys
533 1758 642 1831 πάντα
665 1765 770 1833 ταῦτα
791 1760 899 1857 φήσω.
937 1760 1044 1837 Ἀλλὰ
1069 1761 1136 1853 μὴν
1162 1760 1239 1845 τοῦς
1265 1790 1301 1851 ys
1331 1765 1457 1835 σαυτοῦ
1486 1768 1566 1831 παῖ-

392 1860 518 1947 δας,ε
485 1859 543 1989 οιίς
564 1891 609 1959 τῳ
594 1862 722 1961 λόγῳ
732 1872 870 1996 τρέφοις
879 1893 911 1936 τε
926 1894 982 1936 και
971 1862 1215 1951 παιδεύεις,’
1190 1873 1224 1937 εί
1231 1893 1312 1935 ποτε
1321 1894 1403 1961 εργω
1417 1870 1565 1991 τρέφοις,

393 1964 466 2037 οῦκ
498 1965 546 2037 666
577 1966 740 2092 έοίσαις,
773 1968 822 2050 ῦς
854 1972 1030 2065 έμιῦμαι,
1052 1966 1296 2064 666yovc''
1277 1996 1402 2049 οντας
1429 1963 1564 2072 ὥσπερ

392 2069 591 2164 γραμμὰς
618 2070 826 2164 ἄρχοντας
855 2076 895 2143 ἐν
894 2076 965 2196 τῇ
991 2071 1110 2143 πόλει
1129 2076 1311 2163 κυρίους
1342 2074 1437 2141 τῶν
1445 2074 1564 2162 μεγί-

392 2200 498 2244 στων
525 2166 642 2245 εἶναι.
689 2174 742 2245 06
762 2174 839 2267 μὰρ
861 2164 948 2260 οῦν,
977 2178 1082 2270 ἔφη.
1108 2172 1364 2265 Ασμοθιτὴσεις
1385 2174 1425 2259 66
1448 2173 1565 2255 αῦτοῖς

392 2276 515 2388 ταύτης
538 2276 685 2368 μάλιστα
715 2306 772 2363 της
796 2282 950 2361 παιδείας
973 2276 1340 2369 ἆντιλαμβοίνεσθαι,τ
1325 2270 1400 2362 ξ
1379 2307 1417 2362 ης
1438 2282 1564 2371 ἐρωτᾷν

391 2408 427 2452 τι
454 2384 510 2451 καὶ
537 2380 821 2475 ἀποκρίνεσθαι
805 2388 1105 2473 επιστημονέστατα
1127 2409 1192 2451 υιοι
1213 2410 1232 2451 τ
1263 2384 1413 2467 ἔσονταις
1448 2381 1564 2472 Νομο-

391 2482 579 2609 θιτὴσω,
560 2515 635 2582 εφη,
649 2514 740 2577 μετα
759 2514 810 2577 γε
817 2490 901 2561 σοῦ.
924 2476 1005 2579 ςἈρ
1029 2476 1100 2558 οῦν
1121 2490 1238 2571 δοκεῖ
1255 2511 1333 2568 σοι,
1355 2487 1452 2583 ἔφην
1473 2483 1564 2574 676,

392 2582 525 2717 ίίσπιρ
554 2589 737 2679 θριγκὸς
765 2597 856 2671 τοῖς
882 2586 1179 2682 μαθήμασιν
1161 2618 1181 2675 η
1204 2585 1484 2671 διαλεκτικὴ
1465 2594 1565 2677 ημῖν

392 2690 530 2763 ἐπάνω
558 2699 757 2777 ιιεισθαι,
792 2702 858 2764 καὶ
894 2692 1019 2765 οὐκέτ’
1056 2694 1160 2764 6660
1195 2689 1350 2763 τοῦτον
1378 2688 1564 2783 μάθημα

391 2783 580 2891 ἆνωτέρω
615 2794 763 2887 ὀρθῶς
793 2796 842 2867 ῦίν
884 2801 1185 2879 ἐπιτίθεσθαι,
1226 2794 1307 2865 ἀλλ’
1342 2796 1451 2885 ἔχειν
1491 2793 1563 2879 666

353 2984 356 2989 ,
391 2905 516 2981 τέλος
539 2899 592 2970 τῦι
623 2904 699 2971 τῶν
729 2898 1011 2990 μαθημάτωνς
1038 2897 1203 2989 ”’,Εμοιγ
1232 2900 1315 2993 ἔφη.
1359 2902 1407 2967 Cf.
1430 2923 1464 2985 p.
1487 2903 1561 2966 531.

390 3008 473 3072 med.
503 2987 610 3093 Sieph.
655 3000 826 3074 Dialectica
857 3009 890 3073 in
919 3006 1063 3073 idearum
1094 3008 1234 3072 doctriua
1265 3012 1430 3081 ,ves-satur,
1467 3012 1501 3071 et
1530 3004 1565 3069 in

391 3130 514 3177 summa
534 3112 694 3188 omnium,
720 3110 791 3178 idea
813 3109 899 3177 boni.
944 3112 1047 3189 Quam
1069 3109 1123 3195 qui
1144 3116 1231 3175 recte
1252 3110 1457 3193 cognoverint
1478 3108 1502 3174 ii
1524 3106 1565 3175 ad

390 3212 486 3280 finem
513 3214 653 3281 omnium
682 3216 860 3281 studiorum
885 3213 1075 3298 pervenisse
1090 3211 1219 3299 putandi
1240 3221 1339 3297 sunt„
1366 3215 1444 3280 Eam
1466 3211 1565 3298 igitur

391 3320 538 3385 custodes
559 3342 585 3386 s.
608 3326 750 3386 rectores
771 3319 930 3406 perfectae
952 3316 1045 3384 huius
1065 3314 1268 3401 Reipublicae
1293 3336 1486 3401 cognoscere
1509 3314 1565 3381 de-

390 3418 477 3493 sent.
521 3424 640 3492 Eorum
670 3424 753 3489 enim
781 3441 895 3489 munus
922 3427 970 3487 est
997 3420 1030 3487 in
1058 3419 1220 3487 condenda
1246 3427 1278 3486 et
1297 3424 1436 3504 regenda
1455 3422 1566 3503 Repu·

392 3523 474 3591 blica
503 3524 607 3591 ideam
633 3524 729 3602 boni,
759 3527 792 3590 h.
817 3546 847 3591 e.
865 3532 1024 3605 'summam
1045 3524 1248 3609 perfectionis
1269 3523 1424 3611 speciem,
1459 3542 1565 3609 neque

391 3630 513 3706 Deum,
544 3637 691 3717 tanquam
717 3650 861 3695 normam
889 3638 921 3695 et
949 3628 1088 3713 regulam
1118 3629 1218 3715 sequi.
1262 3628 1339 3694 Rem
1367 3625 1410 3692 ita
1437 3647 1509 3692 csse
1531 3634 1565 3692 nt

391 3753 451 3800 nos
476 3732 609 3801 dicimus
636 3736 931 3821 ‘cumexiisquae
953 3735 1108 3800 hocloco
1136 3730 1302 3818 leguntur,
1335 3728 1450 3815 quibus
1479 3746 1564 3797 nunc

391 3834 528 3916 honum,
559 3840 645 3924 qnod
666 3846 773 3913 antea,
796 3837 871 3922 qnia
891 3839 1059 3904 humanam
1081 3834 1292 3921 cognitionem
1315 3841 1457 3921 superat,
1489 3832 1565 3919 quia

392 3924 517 4007 aliunde
539 3944 716 4008 derivatum
737 3961 801 4007 non
823 3948 881 4018 est,
905 3942 961 4006 sed
982 3938 1126 4024 reliquae
1143 3941 1361 4005 ideao'omnes
1382 3940 1422 4003 ah
1446 3955 1486 4002 eo
1509 3936 1565 4001 de·

392 4046 633 4122 rivantur,'non
653 4066 723 4111 esse
744 4038 921 4126 ἀλήθειαν,
942 4042 997 4110 lib.
1022 4044 1074 4111 Vl.
1098 4063 1132 4126 p.
1149 4042 1223 4120 508,
1246 4044 1294 4118 Ε,
1316 4058 1419 4127 neque
1435 4035 1563 4119 οὐσίαν,

392 4146 445 4213 Vi.
468 4152 541 4226 509,
563 4152 618 4230 B„
640 4138 779 4236 dixeiat,
801 4152 870 4227 τοῖς
892 4134 968 4215 οῦσι
989 4156 1190 4225 annumerat,
1214 4144 1310 4233 idque
1332 4142 1444 4210 eodem
1465 4138 1563 4209 modo

393 4252 542 4338 cognosci
563 4254 608 4320 ait
627 4274 692 4341 quo
711 4249 849 4342 reliquas
870 4251 972 4329 ideas,
1002 4250 1195 4331 dialectiea„
1209 4248 1322 4319 iisdem
1344 4250 1438 4317 etiam
1459 4245 1501 4317 de
1525 4267 1564 4315 eo
