3334 5142
847 434 917 479 1·-
951 403 1021 469 'illd
1060 432 1106 455 ·-·

402 580 448 627 uc
473 561 608 637 crudior
632 562 738 645 qubus
767 562 859 626 ιιίιιιιι
888 564 1033 630 aetatibus
1060 560 1213 629 mutendi
1233 562 1312 627 stet·
1330 552 1573 647 οἷ’,σωτῆρις

400 665 481 745 :tric
507 664 740 743 πολιτείας,
769 668 827 734 bos
848 683 976 753 quoqne
999 686 1173 743 sermones,
1207 673 1242 730 ut
1261 664 1381 731 nivium
1405 664 1507 728 moles
1535 666 1574 727 de

410 766 567 833 montibus
593 768 997 854 praecipitantesmniores
1021 784 1147 856 semper
1170 768 1269 834 moles
1294 788 1401 833 secum
1424 768 1573 840 nabunt,

399 870 540 958 ‘onmiis
561 891 643 956 quae
667 869 706 938 ab
728 873 797 959 ipso
817 874 981 959 postulata*
996 883 1104 949 erant,
1137 881 1170 938 et
1194 893 1274 959 quac
1294 872 1413 936 evitare
1437 866 1577 933 voluerit

400 978 583 1040 cohaerere
596 995 739 1052 monens,
762 995 831 1040 eom
855 972 896 1041 ob
917 995 1054 1054 causam,
1077 983 1113 1043 ut
1126 976 1220 1041 etiam
1234 976 1268 1042 iu
1281 976 1341 1051 bis,
1365 994 1445 1060 quae
1465 978 1575 1058 aperto

399 1075 603 1162 ‘reipublicae
635 1100 730 1145 consa
760 1077 844 1143 dicta
875 1088 968 1153 sunt,‘
996 1101 1033 1145 ac
1060 1100 1102 1146 ne
1126 1078 1283 1164 postulata
1311 1078 1439 1163 quidem
1465 1082 1575 1150 erant,

409 1180 669 1266 digressionibus
679 1182 729 1248 nti
746 1180 927 1261 viderctnr3
957 1203 1073 1268 quare
1090 1182 1197 1259 fiebat,
1220 1190 1256 1251 ut
1273 1190 1378 1247 tamen
1399 1182 1439 1245 de
1456 1178 1578 1243 iustitia

408 1286 581 1371 praecipue
615 1306 719 1353 sumo
749 1306 817 1353 esse
845 1284 1019 1353 videretur.
1072 1292 1154 1353 Nec
1162 1307 1240 1353 vero
1270 1286 1322 1371 agi
1346 1283 1409 1349 boc
1430 1282 1509 1351 loco
1538 1284 1578 1347 de

406 1391 603 1466 cincinno,
629 1391 679 1455 sed
699 1391 734 1455 dc
754 1392 878 1455 comnis
874 1393 1040 1489 perfector
1064 1393 1196 1456 οινιιαιιι
1219 1389 1464 1473 mouistrutibas,
1500 1406 1578 1452 num

410 1494 481 1580 quis
500 1491 646 1560 dubitare
666 1493 800 1578 poterit,
827 1496 882 1581 qui
901 1496 961 1559 ista
981 1494 1112 1579 legerit.
1142 1494 1214 1561 τίνα
1236 1488 1359 1583 τρόπον
1380 1494 1414 1557 οἱ
1434 1490 1579 1577 σωτῆρες

409 1597 575 1663 ἐνέσονται
602 1597 660 1677 τῆς
689 1597 880 1677 πολιτείοις,
900 1605 932 1662 et
962 1584 1064 1665 odoro
1090 1594 1128 1663 τὸ
1155 1587 1263 1689 σοφόν
1289 1620 1348 1682 μοι
1371 1596 1496 1680 ἐγένετο
1519 1589 1578 1673 τὴν

408 1700 473 1766 τῶν
493 1694 660 1821 ἀρχόντων
672 1694 886 1767 κατάστασιν
892 1694 1129 1790 παραλιπόντι,
1151 1705 1183 1765 et
1204 1695 1246 1766 τὸ
1268 1701 1312 1765 δὲ
1334 1698 1411 1765 τῶν
1432 1722 1482 1785 ap
1487 1720 1579 1784 χον

410 1826 489 1869 των
509 1794 639 1889 ὥσπερ
662 1798 742 1884 ἐξ’
721 1805 850 1893 αρχῆς
869 1808 1092 1890 μετελθεῖν
1114 1806 1185 1871 dei.
1227 1805 1372 1885 Incipere
1396 1802 1493 1887 igitur
1516 1804 1579 1865 hoc

409 1904 481 1972 loco
499 1907 643 1973 videmus
664 1927 778 1973 novam
799 1905 839 1973 de
864 1906 989 1973 civitate
1009 1908 1253 1991 disputationem
1272 1926 1353 1995 quae
1371 1903 1578 1989 Reipublicae

409 2028 483 2094 pars
511 2017 559 2075 est
579 2008 685 2077 *multo
713 2014 851 2077 maxima
876 2017 908 2075 et
933 2010 1134 2096 gravissima,
1164 2032 1260 2095 quum
1283 2009 1315 2075 in
1339 2009 1579 2094 magistratibus

404 2114 503 2194 situm
530 2131 601 2179 csse
629 2115 816 2198 videamus,·
848 2121 883 2179 ut
906 2117 986 2179 baec
1011 2115 1189 2201 respublica
1217 2111 1280 2179 fiet.
1307 2110 1370 2181 vCf.
1391 2134 1422 2196 p.
1444 2115 1519 2177 501.
1542 2113 1579 2179 E.

389 2218 462 2282 ed.
486 2219 533 2282 St.
576 2216 687 2283 Iidcm'
707 2220 801 2284 etiam
826 2219 859 2283 in
889 2216 979 2303 culpa
1006 2225 1094 2293 sunt,
1138 2216 1167 2283 si
1191 2215 1336 2303 perfecta
1362 2211 1580 2284 haeccivitas

410 2318 544 2387 declinet
565 2328 598 2386 et
620 2322 763 2387 intereat
806 2320 853 2387 ct.
875 2320 932 2386 lib.
955 2323 1039 2389 VIII.
1063 2340 1095 2407 p.
1118 2322 1192 2397 etc,
1215 2324 1254 2390 Ι),
1299 2320 1382 2397 Quid
1399 2318 1499 2404 igitur
1519 2319 1581 2383 mi-

409 2444 490 2498 rum,
514 2424 592 2490 siin
611 2422 671 2490 bac
689 2424 822 2497 civitatis
839 2432 929 2511 parte
945 2423 1039 2509 longe
1055 2425 1238 2507 gravissima
1256 2428 1288 2487 et
1304 2423 1450 2493 maxima
1459 2421 1579 2489 mtrltus

395 2536 457 2593 -est
483 2525 590 2595 Plato?
633 2531 744 2595 Nonne
777 2529 829 2593 bic
857 2527 982 2596 locus
972 2548 1006 2593 ιι
1034 2527 1176 2593 omnium
1204 2546 1315 2596 eorum
1343 2528 1434 2591 libris
1459 2523 1579 2613 quide

370 2676 375 2683 -
408 2610 573 2714 republica
595 2633 797 2750 scripserunt
820 2632 1010 2716 praecipuus
1039 2634 1107 2695 estt
1155 2634 1195 2697 Et
1223 2632 1303 2695 baec
1331 2631 1459 2715 quidem
1494 2630 1580 2696 dicte

402 2730 520 2808 sunto
514 2754 600 2801 enm
620 2735 658 2800 in
677 2732 784 2812 finem,
809 2744 846 2800 ιιι
868 2738 952 2803 bunc
969 2736 1085 2808 locum,
1110 2732 1149 2799 dc
1166 2732 1364 2818 pbilosophis
1387 2735 1579 2818 magistrati-

405 2838 480 2914 bns,
510 2859 583 2903 cum
602 2846 712 2906 nnana
733 2838 774 2905 de
799 2838 904 2924 operis
928 2836 991 2909 tine
1014 2839 1167 2905 sententia
1192 2840 1282 2903 bene¹
1297 2836 1458 2904 conciliari
1484 2838 1578 2902 iutel-

406 2939 529 3025 ligatnr
572 2943 669 3009 Num
680 2944 757 3028 qnid
780 2942 879 3029 igitur
900 2940 1030 3012 dublum
1055 2961 1124 3009 esse
1148 2948 1268 3027 potest,
1296 2942 1372 3027 quin
1396 2939 1456 3005 boc
1483 2960 1578 3007 omne

406 3062 489 3130 opus
507 3043 670 3113 civitatem
698 3049 838 3133 spectet?
881 3046 1081 3121 Certamen,
1112 3046 1276 3113 siresita
1296 3042 1402 3119 babet,
1429 3065 1512 3131 quae
1537 3047 1578 3111 de

406 3148 642 3231 magistratibus
669 3137 802 3217 dicendo
824 3150 965 3226 luerunt,
990 3150 1083 3217 tortio
1104 3146 1186 3217 libro
1212 3170 1277 3219 non
1300 3148 1396 3235 plene
1421 3148 1578 3232 explicata

404 3254 502 3317 eunti
545 3252 622 3329 Cur,
648 3255 676 3319 si
693 3252 755 3330 boc
774 3253 846 3320 loco
868 3252 948 3319 banc
965 3256 1006 3319 de
1025 3249 1257 3339 magistratibus
1269 3252 1494 3337 quaestionem
1513 3259 1577 3317 tra·

400 3357 492 3432 'ctare
507 3354 666 3441 prebet,
655 3378 690 3423 ιιι
710 3360 820 3423 eadem
847 3356 961 3445 priore.
976 3356 1049 3425 loco
1073 3357 1194 3422 etiarnsi
1219 3357 1325 3425 obiter
1343 3363 1485 3423 remotus
1508 3360 1577 3421 esti

403 3457 532 3526 Factum
563 3458 599 3525 id
613 3467 797 3547 propterca
820 3481 890 3527 esse
920 3459 1013 3537 scito,
1040 3462 1134 3545 -qnod
1158 3458 1299 3525 diversas
1319 3458 1443 3545 dialogi
1469 3468 1577 3543 partas

404 3557 528 3626 turbari
552 3561 664 3641 nollet,
696 3584 756 3630 nec
781 3563 981 3649 gravissimas
1005 3562 1205 3648 quaestiones
1233 3566 1272 3629 de
1296 3562 1415 3629 iustitia
1429 3571 1476 3635 ,et
1505 3565 1577 3629 idea

404 3659 480 3732 boni
504 3665 651 3737 miscere.
693 3667 789 3733 Plane
812 3676 918 3734 tamen
943 3666 1044 3733 omitti
1060 3687 1125 3760 non
1142 3666 1244 3750 potuit
1261 3669 1339 3733 baec
1353 3668 1397 3732 de¹
1411 3669 1577 3753 magistro·

398 3767 489 3833 ‘tibus
514 3772 663 3853 quoesfio-
679 3773 788 3858 priore
806 3769 889 3847 loco,
918 3771 1065 3855 quoniam
1090 3767 1208 3857 absque
1233 3790 1271 3835 ea
1300 3769 1474 3853 descriptio
1501 3770 1578 3839 civi·

403 3872 489 3948 tatis,
518 3894 614 3957 qnam
640 3877 778 3941 condere
803 3895 838 3941 se
860 3873 941 3940 velle
965 3876 1109 3941 Socrates
1134 3875 1271 3951 dixerat,
1301 3872 1412 3958 perfici
1432 3894 1497 3941 non
1519 3894 1577 3961 po·

403 3972 481 4052 tuit3
512 3996 572 4043 nec
596 3978 723 4044 iustitio
737 3979 770 4043 iu
792 3976 919 4043 civitate
944 3979 1097 4057 inveniri3
1134 3997 1209 4043 nam
1232 3979 1276 4042 ita
1304 3976 1444 4063 singulae
1470 3986 1576 4064 portes

406 4076 550 4157 οιιιιιιιίι,
579 4082 722 4165 partibus
747 4082 856 4158 anmi,
886 4099 966 4166 quac
983 4080 1101 4149 iustitia
1120 4088 1156 4149 ut
1181 4082 1222 4147 sit
1244 4078 1400 4159 efficiunt,
1430 4102 1497 4149 non
1528 4103 1577 4148 re·

404 4191 583 4264 sponsarae
607 4185 751 4255 inissem.
794 4187 862 4253 Sed
888 4188 928 4253 do
951 4186 1097 4253 birram
1127 4191 1220 4313 antea
1249 4183 1383 4257 diximus
1419 4192 1453 4257 et
1483 4187 1576 4273 plura

404 4284 508 4360 terius
522 4284 682 4361 dicemus
1020 4335 1022 4343 ι
1388 4342 1390 4350 .
