3334 5142
857 342 1165 443 --aac-·v

383 560 416 623 p
437 540 570 617 l85,'1l.
593 540 638 605 St.
682 540 745 615 lta,
768 538 824 605 'vir
844 537 1111 605 animadvertente
1133 536 1311 627 quoquam,
1341 538 1405 606 iam
1427 541 1560 624 longum

383 664 563 713 sermonem
601 642 797 727 ingreditur,
838 662 902 728 quo
934 641 1026 710 docet
1056 642 1128 709 fieri
1158 663 1272 729 posse,
1307 650 1344 709 ut
1374 642 1560 729 philosophi

382 757 552 831 utrumque
580 749 734 820 habeant·
764 758 827 812 nec
847 746 1027 831 cognitione
1048 766 1159 813 eorum
1181 766 1263 832 qnae
1284 766 1360 813 vere
1381 754 1472 822 sunt,
1500 766 1561 811 nec

382 849 576 937 experientia
596 850 814 925 destituantur,
836 870 932 936 quem
954 858 1058 917 tamen
1079 866 1173 916 nemo
1195 848 1405 937 exspectabat,
1428 857 1503 937 post
1520 870 1560 915 ea

381 974 462 1039 quae
483 952 574 1022 initio
595 952 670 1019 libri
692 947 832 1020 dixerat:
857 950 978 1040 καὶμὴ
1000 952 1107 1021 πολλὰ
1129 950 1292 1021 adiecerit
1315 956 1464 1021 διελθεῖν
1483 957 1560 1042 μέλ-

380 1058 472 1124 λοντι
500 1052 720 1152 κατόψεσθαι
732 1064 749 1134 ,’
768 1058 801 1123 τί
825 1060 977 1149 διαφέρει
1004 1056 1077 1143 βίος
1106 1058 1232 1136 δίκαιος
1254 1053 1380 1125 ἀδίκου.
1421 1061 1504 1122 Nam
1524 1057 1560 1123 id

376 1180 420 1227 ne
448 1161 640 1245 postulatum
670 1161 797 1247 quidem
825 1170 893 1227 erat
921 1182 939 1229 a
970 1163 1116 1239 Socrate,
1148 1184 1189 1227 ne
1209 1160 1292 1229 forte
1313 1161 1416 1227 libero
1439 1159 1560 1245 dialogi

376 1264 523 1351 ingressu
552 1264 632 1331 lianc
661 1266 749 1332 velut
776 1266 1004 1351 digressionem
1032 1287 1050 1331 a
1078 1265 1232 1331 sermonis
1254 1264 1316 1331 line
1339 1268 1559 1354 encnsandnm

379 1377 566 1457 poton-nee
587 1390 659 1437 cnm
680 1368 797 1454 dialogi
817 1370 982 1455 proposito
1004 1368 1076 1446 line,
1098 1369 1286 1437 invenienda
1299 1376 1354 1433 aut
1371 1367 1560 1454 explicanda

378 1472 513 1540 iustitiae
540 1473 775 1559 iniustitiaeqne
800 1476 834 1539 ri
861 1495 899 1539 ac
927 1482 1054 1549 natura,
1090 1473 1153 1539 nlla
1183 1492 1224 1539 ex
1244 1480 1334 1559 parte
1355 1472 1560 1539 coniunctum

378 1584 436 1643 est
478 1580 527 1643 En
547 1577 596 1645 his
616 1577 715 1662 igitur
735 1580 882 1662 proxime
904 1581 963 1643 hae
985 1575 1066 1643 duae
1087 1576 1243 1642 sermonis
1265 1583 1373 1662 portes
1387 1578 1556 1643 oriuntur:

377 1685 516 1765 primum
547 1680 715 1765 disputatio
745 1680 785 1749 de
814 1689 925 1749 natura
946 1686 978 1746 et
998 1680 1103 1747 indole
1123 1678 1405 1767 philosophorum
1427 1678 1556 1744 'deinde

378 1784 556 1870 disquisitio
578 1789 617 1852 de
639 1807 696 1863 eo,
724 1783 893 1852 nnmiieri
914 1788 1029 1871 possit,
1051 1792 1086 1849 ut
1107 1782 1140 1850 in
1159 1784 1272 1850 iisdem
1292 1804 1401 1849 rerum
1424 1782 1558 1849 seientia

376 1910 451 1954 oum
472 1876 665 1976 experientia
686 1888 880 1977 reliquisque
900 1886 1068 1955 virtutihus
1090 1886 1255 1953 coniuncta
1276 1886 1327 1953 sit.
1374 1887 1558 1973 Quaepro·

378 1990 460 2057 ieeto
482 1991 664 2080 explicanda
684 2014 750 2060 non
771 2002 873 2070 erant,
896 1991 957 2057 nisi
978 1996 1017 2057 ad
1039 1988 1264 2078 rempublicam
1279 1996 1439 2075 spectaret
1452 1990 1557 2055 omnis

377 2116 495 2161 sermo.
547 2096 656 2183 Itaque
687 2119 786 2184 quum
805 2104 957 2162 ’naturam
984 2094 1163 2181 philosophi
1193 2093 1287 2160 latius
1314 2093 1555 2180 descripsisset,

377 2199 504 2265 landem
529 2200 704 2286 interrogat
731 2203 905 2267 Socrates:
938 2196 1052 2266 Ἔστιν
1079 2187 1136 2265 οὖν
1163 2190 1227 2280 ὅπη
1254 2201 1371 2292 μέμψῃ
1402 2198 1557 2264 τοιοῦτον

378 2298 593 2389 ἐπιτήδευμα,
616 2297 645 2399 ἶίί
672 2299 788 2390 μήποτ’
813 2300 857 2371 ἄν
881 2328 931 2381 τις
953 2296 1023 2388 οἷός
1042 2326 1077 2369 τι
1098 2304 1225 2388 γένοιτο
1248 2303 1366 2379 ἱκανῶς
1388 2302 1556 2383 ἐπιτηδεῦ-

378 2430 449 2483 σαι,
470 2402 501 2486 εί
519 2403 565 2493 μὴ
588 2402 686 2498 φύσει
710 2408 758 2488 εἴη
773 2401 919 2496 μνήμων,
940 2401 1104 2493 εὐμαθὴς,
1126 2400 1387 2493 μεγαλοπρεπὴς,
1411 2400 1556 2493 εὔχαρις,

377 2512 476 2603 φίλος
494 2514 531 2577 Ῑτσ
552 2516 608 2576 καί
628 2506 780 2597 ξυγγενὴς
800 2506 974 2593 ἀληθείας,
998 2504 1221 2590 δικαιοσύνης,
1244 2502 1398 2599 οίνὸρίας,’
1420 2531 1554 2599 coappe-

376 2609 493 2695 odnqe;
520 2610 589 2681 Ode
607 2611 650 2680 ίίν
672 2610 850 2701 ὁιΜῶμος,
872 2612 947 2706 ἔφη,
969 2608 1007 2679 τό
1022 2636 1058 2699 ye
1073 2614 1223 2679 τοιοῦτον
1236 2614 1429 2705 pippone-
1450 2606 1552 2711 Ἀλλ’,

379 2704 418 2798 ἦν
439 2716 475 2783 δ’
498 2714 570 2804 ἐγὼ,
591 2721 794 2784 τελειωθεῖσι
816 2722 886 2795 τοῖς
907 2710 1072 2795 τοιούτοις
1085 2716 1218 2806 παιδείᾳ
1241 2738 1273 2781 τε
1288 2709 1472 2804 καὶὴλικίᾳ
1484 2712 1570 2803 ἀραί

377 2816 417 2886 orl
438 2815 554 2907 μόνοις
575 2817 616 2887 ito
637 2818 696 2902 τὴν
717 2815 813 2888 πόλιν
834 2822 1036 2911 ἐπιτρίιιοιςς
1057 2840 1089 2906 p.
1112 2821 1183 2895 t87,
1206 2823 1246 2884 Ao
1269 2820 1313 2883 St.
1358 2822 1487 2886 Poterat
1505 2816 1551 2883 lais

375 2921 459 2991 liniri
480 2924 535 2993 hie
553 2944 669 2996 sermo.
691 2926 782 2989 etad
804 2922 941 2989 institiae
962 2926 1177 3009 quaestionem
1197 2922 1314 3001 redire,
1335 2921 1365 2987 si
1384 2920 1419 2987 id
1440 2942 1552 3006 agere·

375 3034 439 3093 tur.
484 3027 578 3107 Quod
599 3037 703 3095 tamen
723 3026 841 3093 iactum
861 3047 926 3094 non
947 3046 1015 3092 esse
1038 3025 1199 3112 videmus,
1231 3024 1380 3111 qnorum
1403 3025 1552 3110 gravisu-

375 3151 447 3197 mae
469 3134 667 3219 quaestiones
687 3130 836 3218 politicae
851 3128 1053 3217 explicandae
1074 3129 1176 3196 adhuc
1191 3135 1289 3206 erant,
1304 3135 1345 3194 ‚et
1359 3128 1551 3197 absolvenda

312 3308 315 3311 ⁴
374 3236 535 3321 perfectae
561 3234 774 3323 reipublicae,
805 3234 840 3299 in
868 3255 929 3320 qua
957 3241 1101 3301 versatur
1128 3233 1181 3299 hic
1207 3230 1310 3300 omnis
1331 3248 1463 3314 sermo,
1497 3236 1551 3298 de·

374 3339 515 3423 scriptio.

799 3554 986 3619 Mimo
1016 3556 1076 3619 112

460 3761 583 3842 Quibus
614 3761 706 3829 dictis
735 3784 832 3850 quum
865 3765 889 3831 ii
922 3766 976 3853 qui
1005 3766 1150 3832 audirent
1180 3772 1289 3831 eontra
1317 3762 1396 3831 nihil
1422 3762 1548 3833 moneri
1638 3754 1641 3799 ί

248 3956 252 3961 .
373 3884 468 3953 posse
488 3867 671 3944 faterentur,
695 3866 837 3934 dicerent
857 3876 973 3946 tamen,
997 3868 1058 3935 sibi
1078 3861 1169 3956 plene
1191 3868 1283 3935 aliam
1305 3876 1442 3935 mentem
1454 3881 1545 3946 esse,

375 3969 402 4035 si
428 3972 634 4057 philosophos
655 3973 711 4059 qui
733 3980 904 4051 vocentur,
935 3976 1130 4049 intueantur,
1163 3994 1290 4057 quorum
1306 3976 1439 4059 plorirui
1454 3976 1548 4057 plone

374 4074 497 4138 oltordi
517 4076 650 4150 modoet,
671 4077 717 4141 oel
736 4078 911 4161 nequissimi
926 4080 1039 4161 potios,
1061 4079 1114 4161 qui
1134 4079 1333 4161 conceptioni,
1355 4087 1455 4147 tomen
1467 4080 1547 4153 nillil

369 4179 491 4261 prostat
515 4180 700 4256 secuto,
733 4199 793 4245 nec
819 4180 880 4247 ista
906 4201 983 4249 uera
1011 4200 1081 4258 esse
1107 4182 1264 4249 Socrates·
1280 4190 1446 4268 negasset,
1479 4190 1545 4248 tuna

376 4280 493 4350 Glauco
519 4282 611 4361 Πῶς
639 4270 730 4366 οὗν,
758 4283 885 4371 inquit,¹
909 4272 950 4356 εί
974 4284 1056 4374 ἔχει
1077 4288 1216 4373 λέγειν
1234 4277 1307 4353 ’ὅτι
1329 4280 1543 4374 oleodu-
1638 4350 1639 4382 q
