3334 5142
584 342 815 411 ...nor-

120 494 167 568 οιί
186 500 352 587 γένεσιν
370 496 504 568 αὐτὸν
525 497 636 571 ὄντα.
678 505 770 583 Πῶς
795 498 895 595 γάρ,
923 501 1005 571 Καὶ
1027 504 1116 581 τοῖς
1143 524 1288 589 γιγνο-

94 607 342 691 ,σιισμένοις
369 605 505 673 τοίνυν
524 602 578 694 μὴ
599 604 727 693 μόνον
748 604 794 674 τὸ
814 602 1133 693 γιγνώσκεσθαι
1154 600 1295 699 φάναι,

119 702 197 774 ὑπὸ
218 698 291 775 τοῦ
311 703 484 795 ἀγαθοῦ
504 713 716 797 παρεῖναι,
746 705 851 778 ἄλλα
873 716 942 777 καὶ
963 707 1008 777 τὸ
1031 700 1135 777 εἶναί
1157 734 1198 800 τι
1219 714 1290 777 καί

120 808 193 894 τὴν
217 807 364 879 οὐσίαν
389 807 446 879 ὑπ’
476 814 634 881 ἐκείνου
663 809 807 892 αὐτοῖς
837 818 1078 905 προσεῖναι,
1118 809 1192 881 οὐκ
1223 808 1290 881 οὐ·

121 917 215 995 σίας
241 912 363 995 ὄντος
387 917 460 987 τοῦ
488 913 678 1004 ἀγαθοῦ,
706 912 788 984 ἀλλ’
819 916 879 985 ἔτι
905 919 1094 985 ἐπέκεινα
1123 918 1195 1001 τῆς
1223 912 1291 985 οὖ-

114 1020 215 1099 -σίας
234 1020 434 1111 πρεσβεία
454 1026 522 1089 καί
544 1017 714 1109 δυνάμει
735 1016 1028 1113 ὑπερέχοντος·
1049 1022 1121 1089 Καὶ
1141 1016 1159 1088 ὁ
1181 1016 1291 1089 Ιλαιί·

121 1148 187 1191 τισιν
204 1119 298 1212 μάλα
318 1124 465 1210 γελοίοις,
485 1120 670 1207 Ἄπολλον,
698 1124 779 1218 ἔφη,
802 1126 975 1213 δαιμονίας
996 1120 1189 1217 ὑπερβολῆς.
1233 1122 1289 1195 Σίν

121 1223 203 1315 γὰρ,
224 1214 267 1309 ἦν
281 1230 321 1295 'd'
343 1224 421 1314 eye,
443 1230 565 1310 αἴτιος,
587 1222 779 1315 ἀναγκάζων
800 1225 843 1295 τὰ
864 1230 935 1316 ἐμοί
957 1230 1119 1297 δοκοῦντα
1138 1233 1212 1315 περὶ
1233 1226 1302 1298 αὗ-·

123 1332 316 1417 τοῦλὲγειν.
351 1330 399 1401 cf.
420 1353 454 1420 p.
477 1332 549 1399 508.
571 1336 743 1416 Insceph.
771 1334 853 1401 ,Hir
867 1352 957 1411 eum,
988 1336 1042 1423 qui
1069 1336 1212 1426 idearum
1236 1336 1294 1399 do·
1423 1406 1427 1413 ,

123 1435 258 1503 ctrinam
280 1429 346 1503 non
367 1435 500 1505 firmiter
521 1446 643 1516 teneat,
673 1439 727 1522 qni
756 1457 820 1503 non
844 1442 1026 1504 recordetur
1051 1457 1160 1506 reram
1186 1437 1294 1523 cogni—

122 1541 262 1619 ticnem,
283 1560 491 1619 aerumma,
515 1544 548 1607 in
569 1544 649 1608 ideis
670 1541 812 1619 inveniri,
833 1541 988 1628 idqneex
1010 1562 1131 1611 summa
1151 1541 1292 1627 omnium

121 1646 265 1712 ideamm
278 1644 313 1711 in
326 1645 464 1732 reliquae
474 1645 621 1723 derivari,
635 1652 669 1711 in
683 1664 825 1712 errorem
833 1646 940 1715 induci
950 1666 1045 1733 ponae
1059 1650 1129 1732 quis
1140 1648 1292 1713 miretur?

123 1754 202 1816 Nam
224 1752 330 1834 imego
351 1752 419 1837 ipen
445 1750 546 1826 Solis‚‘
561 1751 616 1835 qui
637 1759 703 1816 erat
723 1755 808 1817 Deus
826 1752 969 1830 Graecia,
997 1752 1113 1837 quique
1137 1754 1192 1817 hio
1208 1755 1293 1816 Itone

123 1855 332 1934 nominatum¹
353 1853 530 1939 ipsasolia
555 1856 603 1919 ria
628 1854 782 1929 meauirr‘,
815 1854 895 1931 alia,
924 1853 1018 1923 telem
1043 1872 1185 1920 errorem
1203 1853 1293 1919 facile

124 1958 255 2044 gignere
268 1965 410 2045 poemat
436 1958 475 2023 Ei
487 1976 564 2024 rere
578 1960 633 2042 qui
643 1958 786 2025 idearum
805 1960 979 2025 doctrinam
989 1965 1022 2023 ot
1033 1978 1160 2024 omnem
1170 1965 1294 2025 senten·

123 2064 241 2129 tiorum
256 2082 374 2128 nexum
394 2068 479 2127 recte
493 2068 613 2137 teneat
628 2060 683 2147 qui
701 2082 734 2149 p.
758 2065 832 2140 506,
855 2065 892 2133 A.
913 2082 945 2149 p.
967 2064 1041 2139 510,
1064 2064 1099 2127 Β.
1120 2082 1152 2149 p.
1173 2064 1232 2129 511
1254 2066 1293 2127 Ι0.

125 2168 159 2231 in
180 2163 332 2233 auxilium
353 2173 465 2243 vocet,
487 2167 522 2230 in
541 2165 590 2230 his
609 2172 730 2231 tantum
751 2168 793 2231 de
811 2168 1021 2253 cognoscendi
1037 2165 1184 2233 facultate
1205 2172 1237 2231 et
1255 2163 1295 2232 de

124 2268 241 2337 mentia
259 2270 457 2347 notionibus,
472 2272 519 2339 ‘lt
540 2292 570 2335 e.
594 2271 634 2334 de
646 2268 743 2348 -ideia,
768 2270 882 2359 quibus
901 2269 1036 2337 essentia
1051 2268 1150 2349 ineat,
1175 2289 1297 2337 aermo-

121 2394 199 2441 nam
219 2394 290 2440 aare
310 2371 438 2458 patebit.
481 2369 530 2438 ad
549 2373 637 2439 ideas
663 2393 758 2455 vero,
788 2394 865 2460 qaas
890 2378 1000 2448 eadam
1026 2376 1150 2441 ratione
1165 2392 1297 2458 oemper

126 2478 289 2563 explicare
307 2477 398 2554 solet,
423 2478 585 2560 pertinere
602 2480 709 2555 verbe
736 2467 828 2545 θίίτο
850 2478 958 2550 τοίνυν
979 2482 1034 2547 καὶ
1055 2474 1094 2545 τὸ
1115 2478 1173 2561 τῆς
1186 2472 1297 2573 ψυχῆς

128 2572 188 2650 ὧδε
202 2576 612 2652 edorum-'Eone
632 2576 707 2667 γάρ.
727 2603 760 2664 p.
781 2584 857 2659 508,
878 2586 917 2653 Β,
946 2582 1049 2671 quirin
1072 2580 1163 2649 facile
1185 2600 1298 2649 conce-

127 2690 192 2754 det.
236 2690 317 2753 Tum
340 2708 419 2754 vero
440 2685 533 2752 etiam
551 2686 860 2772 requerendum
881 2690 980 2755 verba
1006 2687 1112 2754 Τοῦτο
1134 2686 1243 2755 τοίνυν
1264 2708 1295 2753 ιι.

121 2816 158 2858 τ.
188 2792 217 2858 ἔ.
244 2798 353 2877 aperte
384 2794 424 2857 ad
449 2790 557 2876 priore
583 2788 772 2875 respicient,
806 2782 985 2857 necessario
1019 2793 1060 2855 ad
1089 2791 1193 2857 ideam
1220 2787 1298 2855 boni

127 2896 341 2981 pertinebunt.
383 2900 492 2963 Porro
505 2895 532 2961 si
559 2901 668 2960 nostra
689 2895 730 2959 de
751 2893 858 2977 operia
879 2892 942 2961 fine
965 2902 997 2969 et
1019 2896 1153 2961 oonsilio
1165 2898 1298 2969 *senten-

127 3000 171 3067 tia
196 3020 274 3086 vera
300 3007 365 3077 est,
397 2999 484 3066 valet
505 3019 543 3064 en
569 3000 663 3064 etiem
688 3001 728 3063 ad
756 2997 965 3064 dirimendam
991 2996 1034 3066 de
1055 3001 1115 3063 hae
1139 3020 1174 3064 re
1195 3004 1297 3064 ortam

27 3165 28 3170 ,
129 3106 406 3172 concertationem.
451 3102 652 3186 Nampaiam
674 3108 732 3176 eat,
757 3122 822 3167 non
840 3106 941 3168 Deum
957 3104 1062 3186 ips‘um
1074 3120 1147 3169 ease
1163 3099 1197 3167 id
1212 3102 1298 3186 qnod

122 3208 305 3274 ‘imitatione
326 3207 505 3290 exprimere
519 3208 633 3272 debeat
645 3210 724 3271 haee
741 3203 859 3282 civitas,
880 3210 935 3273 sed
953 3206 1057 3273 ideam
1075 3206 1165 3309 boni,
1189 3224 1297 3291 quem·

130 3310 302 3379 admodum
323 3312 357 3378 in
378 3309 519 3380 Timaeo.
531 3311 600 3394 ipae
624 3316 709 3377 Dens
731 3308 770 3375 ad
795 3311 906 3377 ideam
925 3312 1184 3399 perfectissimam
1208 3329 1298 3374 mun·

27 3417 28 3492 3
131 3418 210 3504 dnm
233 3416 459 3482 accommodat.
503 3414 616 3482 Verbis
640 3418 746 3481 entem
773 3410 833 3481 οὐκ
860 3410 982 3494 οὐσίας’
1004 3412 1099 3493 ὄντος
1127 3414 1189 3481 τοῦ.
1215 3408 1299 3500 σίγα-

27 3553 28 3602 i
131 3520 215 3600 θοῦ,
236 3514 305 3585 ἀλλ’
329 3517 378 3585 ἔτι
399 3520 543 3585 ἐπέκεινα
564 3519 622 3601 τῆς
643 3514 758 3597 οὐσίας
777 3521 934 3610 πρεσβείᾳ
955 3524 1009 3585 καὶ
1031 3513 1165 3608 δυνάμει
1186 3512 1299 3607 ὑπερί-

27 3633 28 3676 t
130 3647 265 3712 χοντος,
290 3639 444 3689 commem
462 3621 538 3712 honi
557 3621 717 3688 notionem
741 3642 766 3688 a.
789 3624 910 3700 ideam,
944 3643 1024 3711 quae
1050 3620 1200 3689 exomni
1226 3638 1300 3685 con·

133 3728 302 3794 nmmum
329 3728 493 3793 notionum
522 3714 720 3813 oppetitione
748 3736 874 3792 exemto
900 3734 964 3805 eat,
1000 3725 1055 3793 dna
1079 3722 1306 3811 gegensaziose

135 3835 231 3909 Gute,
257 3830 350 3918 qnaio
373 3834 540 3898 humanam
561 3830 770 3915 cognitionem
791 3837 932 3915 superat,
961 3828 1137 3916 intelligere
1160 3827 1297 3897 ridetur.

133 3936 276 4002 Pertinet
295 3928 374 4000 haec
395 3936 436 4000 de
456 3934 529 3999 idea
545 3930 623 3999 boni
643 3934 824 4018 disputatio,
839 3936 883 4003 *in
901 3951 963 4021 que
979 3935 1065 4001 Plato
1085 3932 1179 3999 ctiam
1197 3930 1301 3998 diver·

135 4060 188 4107 eos
219 4037 406 4125 cognitionis
434 4042 549 4123 gradm
579 4039 735 4114 distinxit,
770 4059 872 4125 neque
902 4036 1073 4105 adfinem
1106 4038 1189 4103 sexti
1216 4033 1300 4101 libri.

128 4147 183 4210 lte
205 4164 272 4211 non
291 4143 448 4209 immerito
477 4141 566 4208 initio
597 4142 700 4230 quinti
724 4141 799 4208 libri
825 4156 885 4209 nos
911 4138 1040 4209 alterius
1062 4139 1166 4229 partie
1183 4135 1300 4223 dialogi

136 4249 205 4317 eive
225 4247 285 4316 τοῦ
305 4245 488 4335 γυναικείου
501 4240 680 4335 δράματος
699 4247 823 4315 initium
847 4248 992 4334 posuisse
1015 4243 1155 4322 videbis,
1181 4244 1300 4331 quippe
