3334 5142
597 388 825 459 nisan

120 546 213 634 sopbi
224 552 402 635 praeceptis
415 567 592 639 repugnare
605 554 738 627 videtur,
752 574 794 617 ne
809 555 934 617 deesset
947 548 1103 617 defensio.
1126 536 1291 617 Monemus

122 655 200 717 baec
222 661 412 747 propterea,
441 661 478 719 nt
506 654 706 721 cohaerentia
728 663 759 720 et
779 676 878 721 nexus
907 655 1042 743 portium
1070 655 1176 742 operis
1206 647 1292 719 taum

121 755 223 841 magis
243 766 409 844 appareat,
434 762 598 846 magisque
616 754 793 835 elueesoat,
823 760 931 825 omnia
953 763 1000 825 ad·
1014 780 1112 826 unum
1134 759 1294 847 pertinere

119 858 233 939 finem,
262 862 510 949 Rempubtieam.
536 868 634 928 'Nam
660 866 725 928 nisi
746 885 800 929 res
827 864 870 929 ita
898 871 997 940 esset,
1032 866 1111 929 baec
1140 862 1295 929 mendacii

120 962 263 1031 descensio
283 966 318 1029 in
339 967 497 1049 prioribus
518 967 623 1032 omitti
642 975 674 1031 et
693 959 821 1054 poterat
838 976 871 1031 ot
892 971 1008 1051 omisso
1029 966 1171 1055 proiecto
1195 974 1290 1043 esset,

119 1068 224 1135 inanis
246 1068 376 1136 omnino
396 1069 504 1138 futura
524 1079 557 1135 et
578 1079 697 1137 temere
713 1069 822 1137 aliene
834 1073 916 1135 ‘loeo
945 1078 1068 1147 assuta,
1097 1072 1145 1137 ita
1162 1078 1198 1137 nt
1219 1073 1295 1158 quid

119 1194 159 1238 ea
189 1170 251 1239 sibi
275 1174 370 1241 vellet
392 1177 447 1240 vix
464 1174 710 1260 intelligeretur,
755 1174 788 1240 si
816 1183 922 1241 autem
945 1177 1096 1241 Socrates
1119 1193 1215 1260 quum
1242 1174 1295 1239 ilia

119 1276 243 1343 diceret
267 1280 330 1343 iarn
359 1280 444 1346 hunc
463 1279 575 1345 -locum
600 1278 807 1350 anissonios
830 1277 984 1354 babebat,
1020 1278 1107 1365 ¹quod
1131 1278 1200 1343 fieri
1228 1298 1293 1343 oon

119 1383 215 1450 aliter
246 1390 372 1469 poterat
396 1404 490 1468 quam
514 1388 542 1449 si
569 1383 602 1449 in
623 1385 796 1469 Republica
804 1416 814 1449 .·
820 1384 926 1465 omnis
955 1402 1061 1449 sermo
1093 1389 1292 1458 versaretur,

118 1494 187 1549 tum
209 1506 261 1551 res
285 1486 385 1553 multo
411 1486 471 1553 alia
492 1484 599 1552 fiebat.
644 1492 723 1553 Nam
748 1482 939 1553 adiuvantur
960 1487 1002 1552 ita
1025 1486 1165 1572 singulae
1187 1485 1295 1569 dispu-

120 1591 250 1655 tationis
270 1599 379 1673 partes
400 1599 433 1662 et
453 1597 701 1677 praeponantur„
713 1597 749 1655 ut
762 1593 962 1661 audientibus
982 1590 1085 1657 minus
1100 1593 1198 1655 mirae
1214 1591 1293 1654 aeci·

119 1692 207 1781 dant,
238 1714 303 1759 neo
317 1701 439 1761 tantam
457 1693 702 1780 disputationem
723 1694 896 1779 requirant,
920 1713 1016 1780 quum
1039 1702 1144 1761 tamen
1163 1696 1225 1759 sint
1242 1702 1294 1759 res

21 1817 22 1820 ¹
119 1796 338 1863 seouodariae.
383 1802 462 1864 Nam
482 1798 576 1863 facile
595 1797 788 1884 intelligitur,
810 1800 873 1870 hoc
894 1798 966 1863 loeo
983 1797 1209 1867 murmannus
1227 1818 1297 1863 oer-

21 1909 22 1950 Ι
118 1910 228 1970 minen
248 1901 324 1966 inde
337 1901 498 1970 oriturum
514 1902 624 1978 inisse,
643 1909 749 1967 uturm
762 1905 969 1987 magistratus
985 1905 1111 1967 mentiri
1132 1901 1298 1967 conveniat

118 2027 159 2071 eo
182 2027 265 2080 oon,
301 2026 367 2093 quo
395 2027 448 2070 res
474 2008 544 2092 ipsa
572 2013 736 2090 ageretur,
770 2026 863 2091 quam
882 2008 988 2092 priore
1015 2006 1085 2083 illo,
1122 2026 1187 2091 quo
1218 2004 1296 2071 boec

119 2118 272 2195 tanquam
293 2112 485 2183 transeundo
510 2118 693 2183 monentur,
723 2117 756 2174 et
779 2112 813 2176 in
837 2110 1017 2175 universum
1039 2116 1159 2175 tantum
1183 2130 1295 2175 eonce-

119 2217 249 2291 duutur,
279 2223 403 2300 remota
424 2234 537 2281 rerum
557 2213 714 2285 veritates
746 2212 969 2281 Ac'nemisem
992 2214 1133 2279 futurum
1156 2234 1224 2279 esse
1247 2235 1296 2278 an-

21 2369 22 2408 3
118 2320 236 2396 bitror,
265 2317 388 2405 quibis
410 2334 445 2383 se
469 2325 620 2404 opponat.
664 2322 744 2384 Nam
771 2320 858 2401 quod
883 2316 936 2382 ilia
960 2316 1115 2383 meirdaeii
1140 2319 1173 2382 in
1198 2317 1296 2401 magi*

21 2415 22 2422 ί
119 2424 271 2497 stratibus
294 2424 455 2490 excusatio
476 2424 571 2488 etism
592 2421 715 2487 adalia
734 2424 912 2507 ‘pertineam
941 2420 1060 2495 etalio
1083 2424 1137 2485 III.
1160 2443 1193 2510 p.
1218 2424 1292 2489 ssu

118 2530 154 2593 B.
177 2548 266 2611 sqq„
282 2547 345 2592 ⁴nos
366 2528 427 2613 ipsi
448 2530 611 2591 mersores
628 2544 746 2592 sumus.
793 2526 855 2596 Sed
881 2524 935 2589 illa
955 2527 1023 2608 ipsa
1049 2544 1121 2591 eum
1142 2530 1203 2591 boe
1222 2528 1294 2590 loeo

121 2634 291 2695 coniuncta
331 2639 404 2697 sunt
448 2638 481 2695 et
520 2629 715 2707 cobserent3
742 2649 816 2693 nee
856 2622 1060 2705 errabimus,
1094 2628 1121 2693 si
1159 2632 1201 2693 ab
1238 2629 1295 2705 bis,

120 2732 161 2797 ei.
185 2752 220 2819 p.
245 2734 328 2809 idi),
360 2738 402 2810 C,
431 2736 469 2798 Ι).
498 2732 552 2798 ilia
576 2736 716 2819 pendere
741 2740 773 2796 et
797 2733 888 2819 quasi
916 2730 1018 2804 lucem
1039 2722 1183 2831 aoeipere
1210 2734 1296 2797 diea-

118 2858 199 2911 mus,
231 2838 400 2903 uteorum
420 2858 502 2924 quae
527 2838 590 2929 beo
616 2836 690 2902 loeo
716 2844 886 2902 monentur
909 2827 1104 2991 potissimum
1127 2856 1219 2901 causa
1240 2834 1306 2901 iila

119 2940 278 3008 mendacii
300 2944 458 3017 excusatio
482 2939 624 3021 instituta
652 2942 807 3006 videntur.
867 2964 871 2972 ’

119 3148 237 3228 νωνία,
261 3135 287 3214 ὦ
308 3142 482 3227 Παπίνιον,
503 3141 600 3229 αὕτη
612 3169 645 3213 tt
665 3090 721 3213 νίαλ
743 3145 883 3228 actuoso
904 3147 1066 3233 γυναικῶν
1084 3168 1121 3212 τι
1143 3153 1198 3213 καί
1219 3148 1294 3215 παί-

122 3255 185 3319 δων
209 3258 279 3329 τοῖς
293 3247 414 3343 potuis
428 3274 485 3322 σοι
499 3276 557 3332 της
575 3245 755 3329 πόλεως·ί
732 3277 782 3327 ως
803 3252 883 3316 dd
868 3254 1041 3337 sarapion
1063 3276 1113 3316 ss
1125 3276 1185 3344 τῃ
1182 3247 1293 3345 οίλλῃ

120 3356 313 3422 πολιτεία
339 3358 395 3421 ινα)
420 3354 536 3446 μακρῷ
565 3356 735 3440 βελτίστη,
763 3356 815 3421 δεῖ
832 3350 903 3435 δὴ
896 3350 934 3419 τὸ
953 3377 1038 3441 μετα
1059 3350 1157 3421 τοῦτο
1178 3324 1294 3457 βιβαί

121 3454 284 3525 ὤσασθαι
305 3456 399 3548 παρὰ
418 3459 478 3535 τοῦ
499 3452 645 3543 λόγονῧ
631 3453 742 3538 ηπῶς
762 3458 919 3544 aesopum
959 3448 1066 3537 Obsco,
1093 3452 1132 3539 νὴ
1166 3460 1243 3539 Δία,
1272 3458 1293 3541 η’

21 3649 22 3652 ¹
119 3557 151 3627 ὃ
186 3553 234 3640 ὅς.
290 3564 402 3647 ltaque
434 3580 532 3647 quum
564 3562 818 3628 communionem
850 3560 1018 3647 voluptatis
1047 3570 1141 3648 atque
1174 3564 1293 3629 doloris

119 3686 280 3733 summum
301 3669 419 3731 bonum
442 3665 575 3731 civitatis
600 3686 670 3731 esse
685 3667 855 3752 docuisset,
878 3667 1048 3731 mulierum
1065 3665 1292 3732 etliberorunr

119 3770 389 3845 communionem,
413 3768 554 3855 quaesit
575 3773 660 3853 apud
681 3771 839 3849 custodes,
867 3788 936 3844 enm
954 3767 1078 3835 efficere
1097 3774 1290 3853 persuadere

118 3881 261 3941 conatur.
307 3876 387 3939 Tum
414 3876 458 3942 ita
480 3871 599 3956 pergit:
630 3868 875 3960 Kaspiria
897 3877 982 3938 και
990 3867 1291 3961 τοιςαροσθιν

21 4049 22 4060 p
116 4003 163 4065 ys
193 3972 502 4065 ὡμολογοῦμεν
533 3976 690 4067 ἔφαμεν
716 3970 798 4064 γάρ
818 4000 896 4046 που
924 3971 1013 4043 οὔτε
1036 3971 1174 4053 οἰκίας
1195 3973 1290 4045 τοί-

21 4109 23 4158 i
118 4106 213 4159 τοις
236 4078 355 4158 ἰδίας
367 4082 454 4146 δεῖν
474 4080 587 4145 εἰναι
609 4076 705 4147 ον’τε
726 4080 800 4164 γῆν
828 4073 924 4143 οὔτε
945 4103 983 4145 τι
1004 4077 1155 4165 κτῆμα,
1183 4076 1289 4147 ἀλλὰ

21 4178 22 4201 ³
118 4181 232 4278 παρὰ
258 4184 356 4251 ,τῶν
363 4179 496 4249 οίλλων
521 4179 686 4275 τροφὴν
714 4176 1009 4268 λαμβάνοντας
1035 4180 1193 4269 μισθὸν
1217 4186 1289 4269 τῆς

116 4288 308 4383 φυλακῆς
336 4286 457 4379 κοινῇΙ
477 4280 636 4374 πάντας
665 4281 925 4367 ἀναλίσκειν,
954 4282 989 4353 εἰ
1012 4287 1247 4372 μέλλοιεν’
1227 4314 1287 4359 ον-

1054 4394 1092 4456 11
