3334 5142
463 1191 467 1200 ¹
538 1181 1267 1327 ¹Reipublicaeliber'seeundns.
1291 1293 1307 1320 ,
1348 1189 1361 1221 ⁸
1449 1210 1453 1223 ’

855 1421 859 1428 ι

609 1603 612 1614 ·
778 1605 965 1730 suerro
995 1611 1070 1672 ι.

362 1783 554 1848 Extrema
581 1780 677 1864 primi
704 1778 777 1847 libri
806 1789 908 1866 parte·
925 1731 1183 1848 demonstratum
1191 1777 1305 1850 iverat
1328 1771 1493 1861 Socrates,

320 1877 468 1972 quantum
490 1884 607 1952 iustitia
628 1885 812 1952 iniustitiae
818 1895 1003 1969 praestaret,
1026 1887 1095 1970 ipse
1117 1896 1223 1951 tamen
1244 1882 1430 1965 confessus,
1440 1909 1493 1956 ar·

319 1987 550 2074 gumentatione
572 2010 628 2055 soa
649 1989 727 2055 nihil
749 1980 896 2069 effectum
917 1990 1029 2065 videri,
1049 1991 1204 2081 queniam
1219 1990 1413 2075 explicatum
1429 2013 1494 2058 non

318 2096 366 2168 sit,
390 2092 465 2180 quid
488 2092 526 2158 sit
547 2077 684 2160 iustitia(
710 2097 795 2160 Rem
823 2094 922 2178 igitur
947 2095 1074 2160 esiam
1096 2094 1248 2159 inclinare
1270 2095 1431 2171 videmus,
1459 2103 1495 2162 ut
1558 2078 1569 2099 χ

319 2197 395 2284 quid
415 2195 546 2262 iustitia
554 2216 630 2262 vere
650 2197 691 2262 sit
711 2209 913 2290 quaeratur
936 2198 1097 2281 Secundus
1128 2207 1231 2263 autem
1258 2194 1340 2265 tiber
1364 2200 1454 2264 hoc
1435 2223 1495 2265 m*

318 2301 406 2368 itium
429 2286 543 2365 habet:
569 2303 672 2379 Quae
677 2323 782 2424 ιιιιιιιιι
799 2298 930 2368 dixisset
952 2306 1097 2369 Socrates
1112 2323 1147 2367 se
1161 2325 1180 2366 a
1194 2296 1341 2368 sermone
1356 2303 1495 2369 liberum

317 2402 462 2492 putabat,
490 2400 584 2470 roe
609 2401 649 2485 ιἰιι
670 2402 738 2494 ἄρα
761 2401 803 2483 ὡς
825 2402 924 2485 ἔοικε,
952 2407 1135 2492 προοίμιον.
1180 2407 1335 2473 Glauco
1324 2394 1414 2472 enim
1424 2415 1495 2487 non

318 2509 510 2594 persuasisse
540 2509 716 2574 Socratem
729 2507 847 2584 aiebat,
879 2508 964 2597 quod
994 2512 1081 2575 omni
1105 2515 1204 2614 modo
1227 2513 1340 2578 melius
1361 2511 1403 2576 sit
1425 2532 1495 2579 esse

318 2613 432 2692 iustum
454 2633 550 2700 quam
571 2613 734 2707 iniustum,
767 2620 799 2678 et
825 2612 907 2679 velle
933 2633 967 2678 se
989 2612 1153 2678 audire'
1102 2639 1152 2679 τι
1175 2637 1218 2679 ι
1229 2613 1327 2682 ἔστιν
1338 2604 1495 2704 inerepare

317 2723 372 2785 καὶ
394 2716 468 2782 τίνα
490 2715 563 2843 ἔχιι
571 2697 709 2836 derepto
731 2711 915 2783 αὐτὸκαθ’
944 2712 1026 2784 αὐτὸ
1051 2714 1122 2783 ἐνὸν
1138 2717 1170 2783 ἐι
1187 2718 1225 2812 τῇ
1239 2720 1345 2812 ψυχῇ,
1367 2716 1444 2798 ’τους
1459 2722 1495 2786 δὲ

316 2817 477 2909 μισθους
482 2845 538 2886 και
553 2845 594 2885 τοι
609 2843 784 2906 γιχνοιιεια
800 2846 846 2885 an
870 2845 977 2886 αυτιιιι
992 2821 1088 2891 aanor
1101 2847 1237 2908 χαιρειν
1261 2821 1308 2887 Gi.
1324 2843 1355 2941 ιι
1371 2827 1444 2900 358,
1458 2829 1506 2889 Β..

318 2930 502 3020 Sermonem
516 2944 576 3010 pro
592 2924 717 3000 iustitia,
741 2923 825 3009 quod
848 2923 889 2990 sit
904 2904 1046 3012 melior'
1036 2924 1159 2996 rniustit
1144 2924 1188 2996 tia
1209 2946 1227 2990 a
1251 2927 1377 2992 nemine
1390 2927 1496 3011 adhue

318 3051 351 3096 se
374 3026 531 3108 audiuisse
552 3026 817 3115 quemadmodum
840 3001 1051 3095 velitisne
1060 3049 1093 3093 se
1116 3049 1185 3092 eam
1207 3051 1266 3112 per
1285 3043 1317 3094 s'e
1338 3029 1495 3096 laudatam

318 3130 436 3198 audire
443 3154 462 3196 a
477 3134 623 3209 Socrate3
654 3127 694 3197 ob
712 3151 845 3216 eamque
861 3147 992 3196 causam
1014 3151 1048 3196 se
1070 3131 1267 3198 laudaturum
1290 3151 1383 3218 qnam
1397 3135 1496 3220 possit

317 3241 454 3303 maxime
477 3234 571 3300 vitam
593 3235 754 3329 iniustam,
778 3255 878 3319 eaque
894 3223 936 3299 re
959 3235 1206 3329 declaraturum,
1230 3227 1494 3321 quemadmodum

315 3339 385 3427 ipso
400 3339 583 3405 iniustitiam
606 3321 789 3423 vituperari,
812 3337 933 3403 laudari
956 3322 1106 3403 iustitiam
1128 3313 1220 3404 veiit.¹
1235 3375 1277 3388 -
1297 3340 1367 3405 Dici
1373 3341 1494 3432 igitur,

316 3443 436 3531 bonum
450 3463 519 3507 esse
534 3442 680 3508 iniuriam
696 3441 837 3518 iacere,
827 3444 974 3508 rninriam
988 3442 1112 3528 perpeti
1127 3444 1253 3517 maium,
1269 3444 1370 3510 maius
1386 3445 1493 3510 autem

317 3523 434 3612 malum
450 3546 597 3611 iniuriam
612 3547 744 3631 perpeti,
769 3565 863 3632 quam
878 3546 995 3612 bonnm
1006 3546 1157 3612 iniuriam
1177 3549 1299 3626 faceret
1323 3557 1497 3636 propterea

318 3649 394 3716 utile
415 3649 518 3719 visum
537 3666 609 3716 esse
631 3651 678 3726 iis,
702 3650 756 3736 qui
779 3650 912 3733 alterum
934 3648 1044 3722 vitare,
1068 3649 1185 3734 eligere
1207 3650 1342 3718 aiterum
1360 3674 1424 3718 non
1438 3654 1496 3737 'po-

317 3758 450 3836 tuerint,
478 3753 610 3840 pacisci
623 3753 773 3829 invicem,
804 3763 839 3818 ut
858 3753 1012 3818 'iniuriam
1033 3773 1136 3841 neque
1157 3753 1294 3820 inferant
1315 3754 1424 3843 neque
1438 3777 1495 3844 pa·
1562 3800 1565 3805 ,

318 3857 445 3923 tiantur.
487 3855 563 3931 Inde
594 3859 735 3944 coepisse
768 3857 854 3942 leges
889 3855 967 3921 ferri
1002 3867 1034 3923 et
1068 3863 1175 3942 pacta,
1211 3857 1381 3941 imperium
1415 3861 1495 3944 legis

231 3993 233 3996 ·
318 3961 461 4044 coepisse
490 3959 844 4051 appellari-,legitimum
873 3969 904 4026 ot
925 3963 1057 4035 iustum,
1091 3981 1224 4048 eamque
1246 3968 1314 4026 esse
1337 3967 1495 4051 originem

318 4063 503 4140 institiae,
494 4085 525 4127 m
548 4063 653 4129 medio
674 4066 795 4150 positae
813 4067 900 4133 inter
922 4066 1092 4152 optimum,
1114 4067 1142 4130 si
1156 4050 1265 4154 quis
1256 4068 1371 4134 iniuste
1393 4080 1490 4152 agens

316 4187 452 4256 poenam
482 4187 545 4231 non
573 4167 657 4244 luat,
690 4178 722 4234 et
742 4169 930 4265 pessimum,
959 4167 987 4232 si
1009 4169 1079 4254 quis
1100 4179 1227 4256 accepta
1248 4169 1364 4237 iniuria
1385 4172 1495 4238 ulcisci

318 4291 382 4338 non
402 4271 513 4347 valeat,
535 4269 780 4359 iustitiamque
771 4295 804 4338 ιιι
809 4261 932 4338 medie
955 4275 1122 4339 amborum
1148 4263 1283 4362 positam
1298 4278 1408 4355 amari,
1431 4297 1496 4346 nnn
