3334 5142
835 396 1065 467 -172-

375 626 379 632 ·
470 674 602 763 Quinti
625 666 715 751 libri
734 679 849 780 finem
873 684 975 751 reete
1001 697 1047 751 ue
1071 700 1141 753 suo
1166 680 1248 755 loeo
1271 680 1437 781 positum

502 812 506 819 ’
696 884 702 891 ,
778 818 875 903 esee,
904 806 1127 886 ostenditur.

451 1025 536 1101 Quas
561 1020 704 1090 nonnulli
731 1022 938 1115 interpretum
965 1024 1004 1090 de
1031 1016 1124 1091 reeta*
1139 1023 1294 1092 librorum
1315 1026 1410 1091 huius
1432 1024 1541 1109 operis

367 1126 593 1222 distributione
607 1136 774 1193 moverunt
795 1126 1016 1205 dubitationes,
1037 1128 1167 1215 paulum
1189 1150 1245 1195 eae
1268 1129 1328 1196 hoc
1349 1130 1419 1195 loco
1438 1130 1541 1194 subsi-

365 1239 449 1298 stere
469 1252 527 1299 nos
549 1238 676 1317 cogunt,
699 1239 736 1296 ut
756 1234 962 1325 declaremus,
984 1237 1068 1299 hunc
1089 1233 1182 1299 etiam
1197 1231 1311 1302 librum
1334 1235 1368 1298 in
1390 1255 1424 1298 se
1448 1230 1541 1298 abso-

365 1336 464 1402 lutum
486 1336 589 1402 videri
609 1344 761 1421 reeteque
782 1344 906 1403 sextum
929 1337 1045 1403 librum
1067 1333 1115 1402 nl)¹
1129 1358 1166 1404 eo
1189 1336 1341 1425 separari.
1386 1340 1468 1402 Nam
1490 1358 1543 1431 ar·

366 1448 547 1527 gumentum
570 1440 671 1526 quinti
692 1438 764 1506 lssiri
785 1444 811 1507 si
832 1440 865 1507 in
886 1462 985 1508 unum
1006 1440 1181 1537 eollegeris,
1205 1462 1278 1509 eum
1301 1442 1346 1533 τῷ
1366 1441 1540 1532 γύναικείῳ
1635 1520 1636 1527 ¹

366 1538 511 1635 δράματι
540 1542 675 1612 dicatum
703 1565 773 1611 esse
802 1545 898 1611 dices.
943 1545 1056 1631 Agitur
1084 1530 1168 1612 enim
1199 1550 1231 1611 in
1261 1566 1299 1611 eo
1329 1550 1369 1611 de
1400 1543 1541 1629 negotiis

364 1647 506 1714 viromm
526 1648 779 1735 feminarumque
799 1649 1029 1726 communibus,
1051 1648 1090 1717 de
1112 1648 1285 1717 liberorum
1304 1648 1540 1733 mulierumque

365 1753 602 1826 communione,
633 1756 673 1817 de
694 1752 814 1818 ratione
836 1775 899 1841 qua
920 1753 1064 1819 custodes
1086 1775 1157 1820 cum
1179 1752 1265 1827 omni
1286 1752 1405 1819 familia
1428 1752 1542 1817 suain

365 1854 455 1920 bellis
476 1863 660 1933 versentur,
692 1859 837 1934 tandem,
862 1856 1016 1944 explicata
1041 1863 1189 1925 hacteuus
1211 1857 1354 1934 civitate,
1379 1853 1541 1942 quomodo

365 1956 434 2024 fieri
450 1978 488 2023 ea
502 1957 613 2042 possit,
638 1960 808 2044 quaeritur.
854 1964 912 2037 lta,
936 1963 1156 2045 respondetur,
1178 1962 1205 2026 si
1226 1960 1421 2047 philosophis
1439 1962 1541 2042 impe-

365 2061 449 2128 rium
471 2060 619 2129 trudatur.
663 2062 757 2141 Quod
777 2084 965 2149 responsum
987 2086 1083 2149 quum
1098 2066 1211 2130 mirum
1232 2066 1406 2141 videretur,
1430 2082 1541 2127 neees-

367 2165 482 2231 sarium
511 2164 599 2231 Plato
624 2170 753 2252 putebat
778 2190 865 2245 esse,
901 2168 1035 2235 delinire
1066 2189 1146 2255 quos
1173 2168 1379 2256 philosophos
1403 2165 1535 2233 diceret.
1637 2254 1638 2257 Ἴ

359 2272 396 2334 ,Ιε
418 2275 523 2334 nutem
545 2278 591 2335 est
612 2268 683 2335 finis
705 2269 804 2359 quinti
825 2271 909 2347 libri,
935 2267 1102 2358 quinobis
1123 2281 1210 2339 reete
1231 2271 1355 2337 alibro
1377 2279 1481 2347 sexto,
1506 2272 1540 2333 in

367 2372 491 2459 quode
513 2372 755 2459 magistratibus
767 2375 970 2462 Reipublicae
992 2378 1105 2463 agitur,
1128 2374 1261 2461 disiungi
1283 2375 1418 2471 videtur.
