3334 5142
612 372 819 436 -.31.-

129 535 239 619 λέγεις,
262 515 287 598 ei
308 524 499 620 Σώκρατες.
548 530 617 596 Τοῦ
638 529 824 618 προοιμίου,
847 512 933 609 siud'
951 523 1022 614 ἐγὼ,
1043 522 1301 613 ἢτίνοςλέγειςς

133 635 152 718 ἢ
172 631 228 702 οὐκ
251 636 352 721 ἴσμεν,
376 625 428 702 ὅτι
449 628 557 702 πάντα
580 633 686 711 ταῦτα
708 627 869 720 προοίμιά
889 632 978 706 ,ἐστο
992 625 1096 698 αὐτοῦ
1113 631 1172 712 τοῦ
1186 621 1300 716 νόμου,

133 735 167 808 du
188 741 239 809 δεῖ
254 741 399 824 nudor,-
423 727 539 829 οὐγὰρ
555 761 619 806 που
642 730 776 809 δοκοῦσι
798 738 837 820 ys'
857 758 910 801 σοι
933 738 964 804 οἱ
987 736 1093 803 ταῦτα
1116 735 1215 802 δεινοὶ
1230 735 1302 800 ὑιο-

131 847 266 910 λεκτικοὶ
287 831 380 922 εἶναι.
423 843 493 906 Ηοο
514 841 585 909 loco
609 836 646 906 τὸ
668 839 843 928 προοίμιον
864 847 937 906 suut
958 859 1014 904 cae
1034 846 1117 904 artes
1131 837 1302 924 atquedis-

131 946 271 1036 ciplinac.
290 941 585 1030 quibus'ingenium
609 945 671 1010 τῶν
694 937 851 1034 φολᾴκωο
872 942 916 1007 ita
936 942 1059 1011 acuitur
1081 952 1177 1029 atque·
1196 941 1300 1020 alitur,

130 1059 162 1116 ut
183 1048 373 1131 dialecticam
397 1048 518 1124 discere
540 1048 655 1139 possit;
678 1047 739 1112 illis
754 1055 1009 1215 ,praeparanturc
1010 1046 1113 1131 solum
1135 1045 1300 1126 custodum

128 1153 265 1239 ingenia,
288 1157 480 1240 appetendae
502 1151 684 1238 disciplinae
706 1149 1203 1244 nihil”1rsinest.(li.etiamp.
1223 1154 1299 1228 532

130 1263 274 1326 A.etD
296 1266 328 1322 et
349 1257 562 1343 Timaeump
584 1259 640 1334 29,
670 1259 708 1326 D.
730 1253 769 1320 ad
792 1275 887 1373 quem
909 1254 1013 1322 locum
1035 1254 1183 1322 Procius.
1205 1244 1301 1320 Ode

130 1358 236 1450 νόμος
247 1357 436 1452 εὶληπται
417 1357 483 1428 απὸ
505 1361 568 1426 τῶν
588 1359 823 1450 κιθαρῳδικῶν
844 1352 962 1443 νόμων.
990 1347 1083 1425 οὗτοι
1104 1361 1140 1426 δὲ
1161 1353 1225 1424 εἰσι
1245 1361 1303 1450 μὲ-

131 1471 167 1547 λη
195 1459 278 1546 πρά.
299 1461 364 1554 πρὸ
393 1455 562 1550 dossinus
584 1457 706 1546 τούτων
727 1461 889 1551 προοίμια
907 1453 1102 1551 προτάττειν
1124 1456 1301 1536 εἰώθασιν.

131 1562 151 1635 ἃ
146 1563 223 1634 καὶ
246 1564 303 1650 διὰ
325 1569 422 1636 τοῦτο
444 1561 745 1659 προψηλαφὴμοτα
768 1559 916 1631 ἐκάλουν.
960 1563 1054 1641 Quod
1082 1569 1109 1630 si
1139 1547 1217 1629 hunc
1243 1566 1302 1632 cod

130 1673 301 1763 προοιμίου
325 1667 580 1756 significationem
603 1674 641 1735 ad
663 1673 747 1737 hunc
767 1668 873 1734 locum
894 1667 1136 1744 transferamus,
1149 1677 1226 1735 »tum
1246 1689 1303 1756 pa·

130 1785 184 1852 let,
212 1764 318 1864 primo
346 1775 430 1841 libro
456 1774 600 1892 agitatam
622 1771 854 1862 quaestionem,
886 1793 950 1838 non
973 1790 1042 1838 esse
1063 1769 1095 1837 id
1117 1777 1202 1860 quod
1225 1794 1300 1839 vere

131 1888 308 1967 quaeratur,
332 1861 386 1944 sed
408 1877 592 1965 praeparari
613 1877 651 1945 iis
673 1897 755 1964 quae
776 1877 820 1943 ibi
842 1875 1042 1961 disputentur
1061 1875 1096 1942 id
1118 1876 1203 1964 quod
1225 1896 1302 1942 vere

131 1991 314 2082 quaeratur,
336 1982 478 2052 adiuuari
500 1982 594 2048 etiam
615 1989 732 2046 rectam
755 2001 866 2102 eorum
876 1980 1099 2102 cognitionem
1123 2001 1203 2097 quae
1224 2002 1300 2046 vere

131 2094 327 2216 quaerantur.
960 2140 963 2153 .

208 2196 256 2256 De
287 2189 364 2278 ipsis
395 2211 472 2268 uero
502 2189 668 2275 Glauconis
697 2197 728 2256 et
754 2188 911 2256 Adimanti
940 2183 1135 2254 orationibus
1157 2191 1236 2256 hacc
1256 2196 1303 2254 te·

128 2293 241 2362 nenda:
278 2295 438 2362 Pertinere
467 2299 584 2360 cased
613 2291 829 2382 quaestionem
858 2297 902 2360 de
926 2292 1062 2358 iustitiae
1090 2285 1302 2359 iniustitiaeve

126 2403 331 2487 praestantia,
364 2420 425 2486 qua
457 2389 604 2484 tanquam
625 2395 737 2490 lorma
765 2407 865 2463 totum
894 2417 975 2484 opus
1002 2395 1183 2465 includitur.
1226 2394 1301 2462 ‘Sed

89 2545 93 2552 -
131 2525 222 2591 quum
244 2491 404 2588 postulent
425 2502 541 2570 Glauco
564 2502 798 2568 et'Adimantus
816 2509 857 2567 ‘ut
875 2499 992 2567 iustitia
1015 2499 1082 2586 ipsa
1104 2500 1170 2566 sola
1192 2499 1302 2566 laude·

130 2616 186 2684 tur,
208 2601 360 2694 neglectis
382 2605 555 2673 honoribus
578 2615 608 2672 et
630 2605 793 2692 praemiis,
817 2607 960 2692 sequitur
982 2625 1048 2670 non
1067 2597 1138 2670 esse
1160 2604 1193 2670 id
1215 2607 1302 2691 quod

130 2712 177 2775 hic
196 2714 367 2797 praecipue
390 2718 559 2796 quaeratur
580 2706 705 2773 laudem
720 2709 877 2785 iustitiae,
898 2709 979 2786 licet,
1003 2717 1103 2777 totum
1126 2729 1205 2796 opus
1226 2727 1301 2775 con·

130 2812 296 2888 tuentibus,
318 2812 423 2896 magni
444 2816 592 2878 momenti
612 2827 651 2878 'ea
672 2831 724 2879 res
745 2813 890 2880 videatur
911 2806 994 2879 esse.
1021 2802 1109 2896 llam
1124 2822 1190 2879 tum
1207 2816 1300 2878 ctiam

130 2916 266 3001 praemia
290 2923 321 2981 ct
342 2915 486 3008 nonores‘
502 2916 743 2982 commemorari
764 2925 851 2982 recte
865 2925 1021 3001 poterant,
1044 2938 1112 2991 nec,
1134 2906 1300 2982 recte-lau·

132 3025 195 3086 data
215 3019 345 3096 iustitie,
368 3019 542 3089 timendum
565 3028 641 3095 erat,
665 3042 717 3097 ne,
730 3035 804 3086 ‘non
826 3021 906 3107 ipsa,
927 3021 982 3087 sod
997 3025 1136 3088 honores
1158 3019 1189 3086 el
1204 3019 1302 3108 'prae-

130 3123 327 3204 miala'u‘data
340 3122 536 3188 viderentur.
577 3121 690 3188 'Volunt
711 3128 807 3208 luitur
827 3120 929 3189 doceri
950 3128 1023 3209 quid
1042 3129 1083 3189 sit
1103 3127 1232 3190 iustitia.
1262 3123 1301 3188 Ei

132 3228 227 3304 enim,
264 3227 321 3314 qui
348 3226 519 3313 perlectam
548 3227 585 3292 s.'
602 3227 714 3293 iustam
737 3228 896 3294 civitatem
917 3227 1055 3298 condere
1070 3227 1195 3303 uellet,
1230 3235 1302 3293 ante

132 3332 231 3397 omnia
254 3351 336 3418 opus
359 3342 427 3396 erat
448 3335 545 3406 scire,
569 3330 644 3418 quid
666 3341 748 3397 esset
768 3331 900 3405 lustitia,
924 3340 960 3398 ut
981 3332 1022 3396 ad
1040 3352 1129 3409 eam,
1152 3338 1311 3418 tanquam,

132 3435 290 3522 exemplar
300 3434 405 3500 animo
416 3435 747 3531 propositumiustain
758 3437 916 3500 civitatem
926 3427 1085 3501 delineare
1097 3443 1211 3518 posset.
1234 3437 1303 3499 Hoc

131 3541 222 3624 igitur
243 3538 336 3604 uobis
357 3539 438 3604 velle
460 3537 584 3626 videtur
605 3559 676 3604 cum
700 3539 837 3606 Socratis
853 3539 1116 3627 extremoprimo
1130 3537 1214 3603 libro
1228 3557 1302 3602 con·

133 3643 238 3718 lessio,
266 3639 406 3710 nondum
431 3641 586 3709 inventam
609 3663 678 3708 esse
700 3643 865 3718 iustitiam,
897 3652 963 3710 tum
979 3635 1208 3708 ‘Glauconiset
1228 3641 1301 3707 Adi-

132 3747 223 3812 manti
253 3755 317 3812 tam
347 3765 457 3812 severa
478 3755 509 3810 et
530 3747 656 3833 saepius
676 3745 809 3834 repetita
830 3747 1017 3834 postulatio,
1047 3743 1084 3812 ut
1104 3742 1221 3812 iustitia
1242 3736 1300 3832 p'er

134 3871 163 3916 se
184 3850 340 3916 laudetur.
384 3841 521 3932 Iustitiae
547 3871 626 3917 vero
647 3851 773 3917 laudem
795 3873 859 3916 non
881 3873 949 3917 esse
971 3850 1004 3917 id
1025 3851 1057 3918 in
1079 3871 1142 3935 quo
1164 3843 1300 3914 Platonis

134 3945 210 4038 ¹optts
224 3954 394 4042 praecipue
408 3963 560 4031 versetur,
583 3955 655 4020 inde
671 3954 950 4040 etiam-colligitur,
974 3940 1059 4042 qnod
1073 3973 1157 4026 nono
1173 3952 1301 4019 demum

134 4057 211 4125 libro
233 4059 336 4145 pr'ima
358 4056 425 4124 cius
447 4057 494 4123 rei
517 4057 632 4125 mentio
656 4057 762 4126 denuo
783 4057 932 4148 inlicitur.
976 4060 1205 4144 Comparcntur
1228 4078 1301 4123 cum

133 4164 178 4228 his
199 4185 281 4250 quae
302 4168 341 4258 ad
363 4160 417 4228 lib.
439 4165 521 4248 Lp.
545 4166 624 4241 347.
653 4167 690 4230 Ε.
715 4159 755 4232 de
777 4145 983 4301 dispositione
1004 4171 1184 4319 postremae
1204 4162 1302 4250 partis

134 4265 225 4354 primi
246 4265 319 4332 libri
341 4265 568 4356 adnotavimus.
