3334 5142
752 394 1080 475 --roo-

372 565 408 635 ἔν’
432 558 589 659 Δελφοῖς,
609 562 653 633 τό
673 590 708 634 τι
728 566 868 654 μέγιστα
890 572 946 635 καὶ
967 562 1127 635 κάλλιστα
1150 571 1206 635 καὶ
1226 567 1339 686 πρῶνα
1361 566 1425 635 τῶν
1446 590 1547 655 repo-¹

350 668 581 759 θεαμάτων.
622 667 673 739 Τὰ
693 678 792 755 ποῖα,
814 658 935 753 66*
925 662 971 751 ός.
1010 666 1118 762 Ἱερῶν
1138 696 1172 738 τι
1195 665 1545 763 ἱδρύσειςιιαλθνσῖαι
1645 724 1646 731 ι

367 780 428 843 καλ
453 773 564 843 ἄλλαι
580 775 672 843 θεῶν
697 780 809 841 τεκαὶ
813 770 1002 864 δαιμόνων
1023 781 1079 841 καὶ
1100 770 1214 866 ἡρώων
1236 778 1427 867 θεραπεῖαι
1437 778 1546 841 τελεα-

370 874 541 963 τησόνιων
571 903 606 946 τε
628 865 681 946 66
715 880 826 960 θῆκαι
858 884 927 945 ιιαλ
947 870 1012 945 όσα
1041 883 1110 957 τοῖς
1139 880 1206 945 ἐκεῖ
1234 882 1286 945 δεῖ
1302 874 1546 963 ὑπηρετοῦντας

369 978 463 1063 ἵλεως
481 978 610 1061 ἀὐτοὺς
632 982 728 1071 ἔχειν
754 978 798 1048 τὰ
817 979 883 1073 μὰρ
906 980 946 1063 66
969 984 1107 1050 τοιαῦτα
1131 978 1195 1049 οὔτ’
1220 976 1471 1070 ἒπιοτάμεθα“
1453 985 1546 1069 ημεῖς

371 1082 543 1169 οἰκίζοντες
563 1098 608 1153 ιε’
634 1082 731 1154 πόλιν
760 1079 910 1154 o66et6''
888 1114 909 1153 α
912 1090 976 1179 λλιμ
998 1082 1204 1175 πεισόμεθα,
1234 1082 1290 1154 ἐὰν
1311 1087 1389 1154 νοῦν
1410 1086 1544 1175 ἔχωμεν,

371 1186 447 1257 0666
474 1184 676 1282 χρησόμεθα
706 1189 856 1285 ἕξημητῆ,
885 1185 954 1257 ἄλλ
961 1186 1004 1273 6
1031 1190 1077 1282 τῷ
1105 1190 1247 1281 πατρίω·
1283 1178 1380 1269 οὗτος
1410 1186 1474 1279 μὰρ
1504 1180 1545 1269 66

369 1319 434 1361 πον
457 1289 476 1361 ό
482 1291 583 1372 θεὸς
604 1298 678 1384 περὶ
699 1291 741 1359 τὰ
763 1295 903 1361 τοιαῦτα
925 1294 1028 1361 πᾶσιν
1049 1260 1266 1382 όνθρόποις
1273 1288 1413 1383 πάτριος
1435 1292 1547 1417 ἐξαμη-

369 1394 430 1479 τὴς
454 1399 490 1464 εν
516 1400 606 1491 μέσῳ
635 1400 694 1479 τῆς
721 1399 782 1485 γῆς
810 1400 872 1465 ἐπι
890 1398 950 1464 τοῦ
977 1394 1134 1491 ὀμφαλοῦ
1159 1392 1351 1486 καθήμενος
1372 1396 1544 1481 ἐξηγεῖται.

369 1499 570 1580 Kal-6666·
591 1498 630 1589 μ’,
652 1502 726 1595 ἔφη,
756 1504 867 1587 λέγεις,
890 1506 945 1567 καὶ
966 1498 1173 1583 ποιητέον
1143 1492 1271 1591 οιλτωςυ
1294 1498 1341 1566 Cl.
1359 1522 1392 1585 p.
1410 1501 1484 1577 627,
1506 1502 1544 1565 B.

369 1608 510 1672 Dubium
531 1598 685 1683 nonest,
717 1605 793 1691 quin
810 1608 854 1670 ·de
874 1604 925 1670 his
946 1606 1036 1672 Plato
1057 1612 1228 1690 propterea
1249 1624 1314 1673 non
1335 1606 1428 1671 latius
1450 1600 1548 1669 dis‘s'ess

367 1706 488 1787 ruerit,
521 1712 614 1795 quod·
630 1709 704 1775 satis
724 1712 857 1774 haberet
878 1729 916 1774 ea
937 1714 1093 1787 tradere,
1115 1730 1195 1795 quac
1216 1708 1367 1796 optimam
1389 1709 1547 1774 civitatem

363 1810 554 1891 efficerent,
579 1814 679 1880 omitti
699 1805 795 1898 posse
815 1818 961 1899 putaret,
986 1832 1067 1899 quae
1088 1814 1137 1879 his
1160 1810 1341 1901 explicatis,
1364 1818 1477 1900 sponte
1500 1831 1548 1878 se-

364 1924 558 2007 querentur.
602 1918 690 1981 Haec
709 1916 807 2001 igitur
827 1936 922 1983 causa
944 1906 1009 1994 est,
1034 1937 1090 1983 cur
1109 1921 1151 2007 ¹de
1173 1920 1305 1983 deorum
1327 1920 1358 1984 vi
1380 1925 1413 1982 ct
1433 1925 1548 1982 natura

370 2028 463 2088 antea
483 2015 549 2086 tam
571 2027 716 2085 accurate
738 2019 964 2105 disputaverit,
988 2024 1186 2109 eundemque
1210 2039 1388 2087 sermonem
1411 2024 1451 2087 a'rl
1465 2023 1549 2085 'dae-

370 2146 481 2191 monas
503 2132 534 2189 et
555 2132 753 2210 mortuorum
776 2127 896 2189 animas
918 2124 1128 2202 transtulerit,
1161 2128 1223 2191 hoc
1248 2131 1353 2191 autern
1374 2124 1445 2189 loeo
1465 2130 1548 2190 tem·
1645 2198 1646 2201 Ἴ

367 2229 499 2315 plorum
513 2225 773 2305 aedificationem,
797 2227 920 2315 aliaque
941 2228 975 2295 id
997 2250 1096 2314 genus
1111 2231 1150 2293 ad
1161 2228 1342 2313 :Apollinem
1356 2230 1547 2313 Delphicum

302 2395 304 2398 .
369 2330 521 2399 remittat.
567 2334 637 2409 Qua
658 2330 703 2396 r'e¹
716 2331 864 2418 simulid
886 2334 1085 2421 assequitur,
1110 2341 1145 2397 ut
1159 2332 1206 2398 'de
1228 2334 1285 2411 iis,
1317 2349 1398 2419 quae
1420 2352 1548 2398 accura-

368 2437 453 2523 tiore
475 2436 684 2523 disputatione
704 2456 770 2501 non
791 2453 886 2521 egere
907 2438 1108 2513 videbantur,
1132 2437 1237 2502 dicere
1259 2456 1388 2501 necesse
1409 2457 1475 2506 non
1497 2434 1547 2513 sit,

371 2516 465 2607 simul
487 2558 613 2627 omnem
635 2531 860 2623 suspicionem,
884 2540 974 2645 quasi
996 2534 1132 2607 ιίόοιιιιιι
1150 2539 1336 2626 religionem
1357 2542 1546 2625 negligeret,

360 2651 390 2711 'a
418 2666 452 2710 se
482 2640 612 2711 a'vert'at
657 2647 736 2709 Nam
764 2646 832 2711 eius
863 2666 989 2733 quoque
1018 2647 1066 2710 rei
1094 2644 1249 2711 rationem
1276 2644 1456 2711 habendam
1478 2664 1548 2710 esse

372 2748 510 2815 Socratis
530 2747 659 2814 fortuna
671 2751 797 2815 doecre
809 2742 953 2835 poterat.
998 2752 1062 2815 Sed
1084 2747 1110 2815 si
1132 2769 1260 2815 omnem
1281 2751 1436 2815 sermonis
1451 2747 1549 2815 ratio-

369 2873 444 2919 nem
465 2844 623 2937 cognitam
643 2854 829 2930 habeamus,
854 2874 890 2919 ea
897 2851 1108 2953 potissimum
1130 2856 1170 2918 de
1193 2873 1285 2919 causa
1298 2853 1332 2919 id
1345 2854 1463 2919 factum
1478 2870 1548 2918 esse

360 2951 596 3042 intelligemus,
620 2977 682 3042 qua
704 2954 744 3021 de
764 2956 983 3041 uectigalibus,
1007 2939 1047 3021 cle
1067 2954 1191 3021 iudiciis
1214 2950 1346 3043 aliisque
1367 2958 1490 3027 rebus
1482 2978 1549 3021 non

372 3062 533 3149 exposuit
554 3062 654 3126 ¹Nam
684 3062 754 3146 quis
780 3062 867 3127 talia
876 3060 1046 3127 nescivisse
1059 3060 1238 3127 Platonem
1253 3060 1391 3127 credet?
1417 3058 1459 3127 τὰ
1471 3056 1547 3147 γὰρ

372 3163 413 3249 66
435 3164 575 3233 τοιαῦτα
597 3158 664 3231 066
665 3159 901 3256 ἕπιοιόμειλα
922 3159 1025 3253 ἡμεῖς.
1070 3165 1205 3231 Possunt
1235 3182 1313 3232 vero
1343 3168 1422 3231 haee
1452 3167 1549 3230 Υιιλίιιιιι

361 3265 562 3337 ''documento
578 3288 660 3345 esse,
685 3263 881 3355 quantopere
901 3270 1010 3335 veram
1031 3268 1265 3355 rempublicam
1281 3274 1418 3356 spectet
1415 3275 1546 3345 auctor,

364 3374 429 3461 'qui
455 3375 565 3439 talium
589 3372 683 3439 etiam
713 3394 820 3439 rerum
849 3374 984 3439 voluerit
1012 3374 1205 3439 mentionem
1228 3374 1338 3438 saltem
1348 3370 1487 3447 iacere
1508 3392 1549 3438 ne

359 3476 451 3565 'quid
467 3461 584 3544 ileesse
604 3465 782 3577 videretur,
806 3477 953 3544 civitatis
962 3476 1143 3546 condendae
1165 3484 1274 3561 aperte
1296 3478 1419 3544 ratione
1440 3476 1549 3545 habite

372 3618 415 3632 -
436 3578 538 3663 οἰκίζο
520 3606 610 3659 οντες
631 3589 665 3648 τι
686 3578 783 3649 πόλιν
803 3607 832 3649 ιι.
855 3607 886 3647 τ.
910 3584 933 3649 ἑ.

400 3741 401 3744 ,
457 3689 561 3771 Atque
582 3687 610 3750 is
633 3694 681 3751 est
700 3667 772 3751 linis
794 3688 862 3751 eius
885 3684 1048 3763 sermonis,
1072 3707 1136 3772 quo
1157 3684 1415 3775 hancpcivitatem
1438 3686 1550 3753 adum·

372 3790 479 3859 brevit
499 3790 609 3866 Plato,
622 3788 696 3854 satis
717 3788 872 3855 indicatus
894 3812 966 3859 eum
984 3790 1027 3855 iis
1049 3810 1130 3875 quae
1144 3793 1205 3857 hoe
1219 3790 1289 3856 loco
1304 3790 1421 3878 scripta
1434 3775 1547 3868 habes,

370 3896 499 3963 tum'iis
512 3913 593 3979 quae
607 3892 711 3959 statim
725 3891 901 3964 adduntur:
920 3890 1119 3982 Ὠικισμὲνη
1140 3901 1203 3980 μὲν
1221 3895 1339 3976 τοίνυν,
1361 3882 1401 3975 ἦν
1423 3886 1452 3960 6
1475 3891 1549 3979 66,

371 3992 481 4083 666''
459 4020 500 4065 αν
522 4021 576 4064 σοι
598 3998 656 4079 εἴη,
679 3982 705 4084 6
725 4000 791 4064 παῖ
803 3992 1023 4087 Αρὶςωνοςὴ
1042 3992 1153 4117 πόλις·
1177 4021 1215 4063 το
1237 3998 1272 4064 6
1258 3994 1328 4079 λόὴ
1343 3993 1430 4119 μετὰ
1448 3998 1549 4064 τοῦτο

371 4098 485 4172 σκόπει
514 4102 547 4169 ἐν
573 4097 657 4202 αιἰιῇ
686 4100 758 4193 φῶς
786 4104 900 4168 ποθὲν
900 4095 1147 4195 πορισάμενος
1175 4099 1287 4169 ἱκανὸν
1313 4095 1414 4179 αὐτός
1434 4123 1469 4167 ,τε
1493 4106 1549 4167 καὶ

370 4203 429 4276 τὸν
450 4200 598 4297 ἇδιλιμόν
609 4197 807 4323 παρανόλιι
828 4204 885 4271 καὶ
906 4205 1125 4295 Πολέμαρχον
1147 4209 1201 4272 καὶ
1224 4200 1302 4285 νοός
1323 4197 1461 4327 ἄλλους,
1492 4200 1550 4271 ἕσιν

366 4338 435 4391 πως
456 4310 616 4399 ἴδωμεν,
625 4308 689 4375 ποῦ
719 4304 839 4376 ποθ’
816 4333 857 4376 αν
881 4310 933 4391 66
955 4303 975 4392 6
1000 4304 1216 4393 δικαιοσύνη
1212 4314 1268 4377 και
1288 4308 1354 4377 ποῦ
1372 4300 1397 4393 ’ἡ
1419 4304 1548 4392 ἀδικία,
