3334 5142
757 371 772 398 '
864 379 1074 445 'adl-

383 551 495 638 gestellt
511 553 586 616 reia.
632 551 780 618 Sokratus
802 548 1116 634 deutet-wenigstens
1128 571 1180 625 an,
1205 550 1277 614 dass
1290 546 1360 612 dies
1374 546 1562 613 noch-nieht

384 655 434 718 die
450 652 636 744 eigentliehe
655 653 834 738 Erkl'arung
849 654 906 719 der
918 654 1154 720 -Besonnenheit
1167 655 1218 729 ist,
1242 651 1309 718 und
1325 652 1435 717 Platon
1449 649 1560 715 wollte

340 829 343 838 ,
372 757 450 844 'sich
482 761 567 838 wohl
597 781 657 824 nur
679 757 730 825 die
753 736 1012 851 Weitliiutiglreit
1031 761 1119 826 eiu'er
1146 755 1326 824 besoudern
1357 751 1561 819 Entsehuldi·

383 881 467 946 gung
497 861 550 926 tur
580 860 667 928 diese
696 861 870 946 vorltiufige
899 859 1106 945 Behandlung
1138 861 1196 926 der
1227 857 1327 944 Frage
1362 878 1557 940 ersparen.o

382 967 528 1030 Potestne
550 988 626 1033 vero
649 970 694 1030 ita
715 968 749 1029 in
772 970 952 1052 quaerenda
974 965 1094 1037 iustitia
1115 967 1221 1049 operis
1243 965 1316 1028 finis
1338 964 1461 1046 positus
1474 981 1557 1036 esse,

383 1085 481 1154 quum
510 1069 839 1156 partes'quaestiouis
861 1072 1064 1152 propositae,
1093 1091 1157 1135 nou
1181 1070 1300 1134 monito
1323 1066 1458 1143 lectore,
1493 1067 1559 1129 iam

382 1184 454 1238 ante
487 1174 667 1252 solvantur,
703 1195 798 1259 quam
825 1171 956 1256 incipiat
987 1172 1073 1238 Plato
1104 1194 1142 1238 ea
1176 1193 1363 1258 quaerere,
1380 1173 1414 1235 in
1443 1168 1560 1256 muham

381 1277 477 1342 finem
500 1280 655 1345 sermonis
677 1280 814 1362 positum
838 1298 908 1345 esse
929 1277 1075 1344 simulati
1104 1273 1248 1343 Dubitari
1266 1266 1343 1343 vere
1361 1296 1426 1343 uon
1437 1281 1558 1360 potest,

385 1381 461 1468 quin
491 1382 578 1448 Plato
601 1382 701 1447 sciens
724 1390 756 1448 et
781 1379 922 1466 prudens
939 1380 1082 1446 ‘tacuerit
1110 1380 1327 1453 solutionis
1356 1387 1478 1463 partem
1500 1377 1559 1442 ali-

382 1507 476 1572 quam
499 1486 692 1572 quaestionis
714 1484 907 1572 propositae.
953 1488 1032 1549 Nam
1053 1485 1080 1550 si
1100 1481 1328 1552 intellexissent
1347 1484 1501 1558 lectores,
1526 1480 1559 1546 in

382 1586 517 1656 iustitiae
538 1597 787 1676 praeconceptae
809 1589 916 1654 animo
937 1591 1065 1654 notione
1087 1589 1142 1661 niti
1164 1590 1241 1654 haee
1254 1588 1396 1658 instituta
1409 1586 1557 1659 civitatis,

381 1703 446 1759 nort
468 1694 568 1760 solum
591 1693 759 1759 interiisset
780 1711 817 1759 eu
840 1692 979 1779 species,
1001 1715 1064 1779 qua
1084 1692 1236 1758 iustitiam
1257 1694 1367 1778 quaeri
1389 1687 1560 1759 simulabat

383 1808 509 1874 auctor,
526 1811 528 1818 '
543 1797 597 1864 sed
627 1795 822 1884 apparuisset
852 1801 960 1873 etiam,
994 1799 1027 1862 in
1046 1797 1115 1862 alia
1141 1819 1177 1863 re
1197 1797 1336 1881 positum
1358 1817 1428 1862 esse
1450 1795 1558 1880 operis

382 1901 478 1986 finem
492 1911 531 1967 'et
550 1902 734 1976 consilium,
759 1899 967 1988 etdetectum
990 1910 1088 1977 esset,
1111 1901 1266 1967 maturius
1287 1921 1381 1987 quam
1403 1897 1556 1972 debehat,

383 2019 476 2070 omne
509 2005 615 2089 operis
646 2003 802 2071 condendi
828 2003 1004 2083 artificium.
1048 2008 1135 2070 Haec
1165 1992 1262 2090 igitur
1294 2004 1413 2088 optime
1446 1999 1560 2067 celavit

383 2118 503 2186 auctor,
525 2118 609 2174 tanta
632 2117 708 2183 arte,
731 2117 765 2174 ut
786 2127 851 2172 non
872 2108 964 2174 facile
986 2109 1161 2195 quisquam.
1183 2108 1243 2174 nisi
1265 2109 1320 2195 qui
1341 2109 1479 2173 Platonis
1500 2104 1560 2170 do-
1585 2136 1588 2143 .

382 2201 514 2279 utrinam
536 2212 576 2279 de
599 2221 735 2301 quatuor
755 2212 923 2276 virtutibus
947 2213 1107 2295 primariis
1127 2213 1190 2278 iam
1211 2222 1302 2277 antea
1322 2207 1480 2296 cognitam
1503 2213 1559 2274 ha·

382 2315 469 2392 beat,
501 2318 551 2382 nis
582 2326 705 2402 partem
734 2314 874 2400 aliquam
898 2316 1089 2401 quaestionis
1116 2319 1296 2402 propositae
1325 2313 1404 2381 solvi
1421 2314 1555 2392 ,sentiat

382 2423 462 2500 Nam
484 2424 558 2508 quid
581 2420 628 2486 rei
650 2429 696 2486 est
717 2419 942 2504 temperantiae
964 2441 1034 2484 unm
1057 2418 1195 2485 iustitia-‘t
1222 2423 1311 2498 Quae
1332 2418 1436 2485 omnia
1458 2421 1502 2484 ita
1524 2437 1558 2482 se

383 2523 501 2590 habere
523 2532 558 2591 ut
579 2543 637 2589 nos
660 2523 949 2590 dicimus-maxime
968 2522 1199 2609 ‘eoevineituq
1224 2523 1310 2609 quod
1332 2528 1444 2588 eodem
1458 2521 1557 2587 modo

383 2649 418 2694 se
438 2649 491 2694 res
512 2631 607 2694 habet
628 2648 699 2692 cum
719 2626 850 2712 reliquis
865 2625 1046 2703 virtutibus,
1069 2626 1263 2703 fortitudine,
1281 2627 1447 2714 sapientia,
1469 2625 1558 2691 iusti·

385 2731 448 2808 tia,
479 2729 743 2819 quemadmodum
765 2751 799 2795 se
821 2728 939 2795 habere
962 2729 1039 2797 uidit
1061 2730 1364 2797 Schleierrnaeherus
1385 2751 1458 2796 eum
1480 2740 1558 2795 tem·

382 2835 534 2922 perantia.
579 2839 658 2916 Nam
680 2833 776 2899 etiam
796 2834 869 2912 illas
887 2835 1018 2900 virtutes
1039 2855 1080 2899 ex
1101 2843 1191 2921 parte
1210 2835 1262 2900 hie
1283 2825 1436 2922 explicari
1455 2833 1557 2899 nemi·

383 2961 455 3004 nem
488 2938 586 3004 semel
613 2940 767 3014 monitum
799 2946 830 3002 et
862 2945 1014 3031 attentum
1042 2936 1155 3022 fugere
1183 2947 1307 3022 potest,
1345 2958 1404 3004 neo
1424 2937 1558 3022 fugisset

371 3041 717 3119 ,Schleiermaeherum
739 3040 800 3107 nisi
821 3041 924 3127 ipsum
946 3039 1073 3128 quoqne
1094 3043 1127 3107 in
1147 3035 1292 3109 fraudem
1308 3042 1483 3111 induxisset
1495 3042 1559 3107 cal·

383 3145 447 3212 lida
470 3148 606 3211 Socratis
627 3145 800 3223 simulatio,
836 3167 870 3211 se
898 3145 1055 3214 civitatem
1081 3151 1219 3213 condere
1240 3155 1275 3211 ut
1294 3146 1447 3236 iustitiam
1469 3146 1559 3212 inve-

356 3250 476 3326 niret,
501 3255 597 3334 quum
620 3269 746 3315 omnem
768 3249 926 3341 ciuitatem
948 3249 987 3318 ad
1010 3269 1080 3315 eam
1102 3253 1164 3316 iam
1186 3253 1344 3338 cognitam
1357 3250 1555 3329 instituerem

384 3353 445 3420 nisi
466 3353 657 3419 deseruisset
677 3352 808 3438 uestigia
828 3354 862 3418 in
884 3375 964 3441 quae
987 3355 1100 3425 invitus
1123 3360 1154 3420 et
1174 3355 1284 3422 nolens
1299 3357 1332 3419 in
1347 3359 1407 3420 hoe
1422 3353 1461 3419 de
1476 3365 1556 3418 tem·

353 3457 355 3462 ’
380 3457 528 3541 perantia
548 3477 693 3524 sermone
714 3461 848 3543 propter
871 3457 1031 3542 egregiam
1045 3454 1163 3542 ingenii
1176 3457 1554 3544 sagacitatem-inciderat.

383 3560 513 3627 Etiamsi
536 3581 612 3627 vero
633 3560 750 3626 iudicet
770 3564 931 3637 Socrates,
946 3565 1012 3626 <hie
1034 3584 1096 3627 nnn
1118 3562 1241 3649 plenam
1263 3561 1388 3627 dariet
1408 3561 1557 3628 omnibus

383 3664 523 3731 numeris
550 3665 723 3730 absolutam
751 3665 976 3749 temperantiae
997 3664 1225 3742 definitionem,
1252 3675 1359 3731 tamen
1378 3666 1438 3732 vix,
1453 3664 1558 3737 eredi-

382 3767 445 3834 bile
460 3777 509 3834 est
522 3767 693 3844 Platonem,
709 3790 747 3833 ne
762 3768 874 3852 longus
888 3778 980 3845 esset,
1001 3789 1153 3834 excusare
1171 3770 1309 3836 noluisse
1322 3777 1556 3852 praematuram

383 3873 463 3939 haue
484 3871 674 3958 quaestionis
694 3874 875 3966 propositae
896 3873 1148 3956 explicationem.
1166 3899 1169 3906 ·
1192 3878 1356 3940 Nameur
1370 3873 1404 3938 id
1418 3872 1558 3940 noluerit

383 3977 512 4049 laceret
557 3979 624 4042 lmo
640 4019 642 4030 ‚
661 3997 717 4042 cur
744 3976 873 4042 omnino
902 3988 971 4042 eam
1006 3980 1200 4063 quaestionis·-
1217 3976 1481 4064 explicationem,
1515 3976 1556 4042 de

385 4104 446 4168 qua
472 4083 524 4146 hie
551 4083 673 4164 agitur,
702 4079 886 4157 instituerit,
918 4096 1015 4166 quum
1037 4101 1101 4146 non
1122 4081 1165 4148 ita
1181 4073 1288 4149 muto
1306 4090 1377 4168 post
1398 4080 1553 4157 declaret,

380 4186 436 4252 hio
462 4187 587 4251 tractari
615 4205 679 4249 non
700 4205 795 4268 posse
818 4205 875 4260 ea,
898 4200 986 4269 'quae
1007 4183 1047 4250 ad
1068 4188 1282 4273 quaestionem
1304 4185 1344 4251 de
1358 4185 1502 4252 iustitiae
1523 4183 1557 4252 vi

385 4296 422 4358 a‘o
441 4297 552 4358 natura
573 4287 759 4376 pertineant,
780 4307 822 4356 ue
844 4288 896 4368 ita,
918 4287 1058 4356 nondum
1072 4292 1272 4377 quaeritare,
1295 4287 1437 4380 quaestio
1450 4291 1556 4360 sulvu—
