3334 5142
592 368 738 433 ..1¹17
779 399 821 416 ..-

116 547 191 615 ρον
212 516 344 597 κακῶν
365 516 669 591 παύσονταιαὶ
690 517 849 616 πόλεις,
877 524 976 611 πρὶν
1000 514 1049 589 άν
1075 519 1114 588 ἐν
1143 514 1291 600 αύτοιῖς

116 631 153 693 οἱ
174 623 420 719 φιλόσοφοι
440 622 629 716 άρξωσιν,
651 618 720 703 οὓς
741 619 981 722 ἀχρήστους
1003 618 1291 753 ὁμολογρῦμεν

116 726 268 810 αὐταῖς
288 721 404 799 εἶναι.
447 732 496 803 Ad
517 729 596 805 6666
616 732 782 795 Socrates.
810 724 976 821 Ερωτᾷς,
1000 714 1094 811 666
1119 724 1190 817 ἐγὼ,
1212 723 1291 821 666-

26 890 27 905 ,
93 859 206 921 Ιτημα
225 829 434 923 δεόμενον’
414 834 615 925 αποκρίοεως
641 828 681 901 66
708 829 834 912 εἰκόνος
862 836 1045 921 λεγομένης.
1087 828 1143 901 Σύ
1173 835 1210 911 δέ
1236 858 1290 918 γε,

115 938 197 1031 ἔφη,
221 940 340 1025 οἶμαι,
354 933 413 1005 ούκ
434 939 561 1015 εἰωθας
582 933 622 1004 δι
646 932 784 1017 εἰκόνων
798 939 914 1024 λέγειν
958 927 1105 1018 Εἶεν,
1073 952 1176 1006 ιιπον·
1207 931 1292 1005 στιά-

114 1066 206 1120 πτεις
229 1037 434 1129 ἐμβεβληκώς
460 1065 512 1162 με
518 1036 577 1118 εἰς
598 1036 750 1125 λόγον’
719 1031 804 1113 ούτω
826 1034 1150 1124 δυσαπόδεικτον,·’
1135 1036 1233 1107 άκουε
1256 1034 1287 1107 δ’

26 1173 27 1176 ’
116 1144 186 1215 οὐν
195 1146 266 1228 τῆς
276 1140 409 1224 εἰκόνος,
432 1139 469 1211 ἵν’
493 1143 541 1210 ἔτι
553 1144 691 1228 μάλλον
713 1138 837 1238 ἴδης,
815 1171 858 1223 ως
878 1144 1046 1267 γλίσχρως
1058 1139 1190 1227 εἰκάζω.
1204 1136 1290 1227 οὕτω

115 1245 181 1339 γάρ
200 1245 345 1337 χαλεπόν
367 1241 544 1325 τὸπάθος
566 1248 629 1314 τῶν
650 1242 910 1329 ἐπιεικεστάτων,
940 1241 960 1313 6
987 1244 1070 1335 πρὸς
1098 1244 1158 1327 τὰς
1178 1243 1290 1329 πόλεις

116 1348 377 1433 πεπόνθασιν,“
361 1374 428 1418 ωστ
424 1346 573 1417 '066''
554 1374 643 1418 εστιν
662 1344 698 1418 ‘66
720 1346 815 1418 οὐδέν
837 1348 919 1420 ἄλλο
941 1353 1092 1422 τοιοῦτον
1109 1349 1291 1434 πεπονθὸς,

116 1451 203 1523 άλλά
237 1459 328 1524 666³
312 1481 346 1522 εκ
370 1457 535 1581 πολλιῖιγἦ
521 1450 603 1523 αύτό
624 1455 817 1548 ξυναγαγεῖν
838 1450 1008 1537 εἰκάζοντα
1030 1460 1098 1523 καὶ
1106 1450 1292 1543 ἀπολογού-

116 1585 215 1649 μενον
240 1555 322 1679 ὑπὲρ
343 1554 480 1646 αὐτῶν,
499 1552 570 1627 οἷον
596 1562 675 1644 οἱγ
653 1563 818 1681 γραφεῖς
810 1555 1050 1661 τραγελάφους
1077 1564 1132 1627 καὶ
1158 1556 1202 1633 τά
1223 1584 1295 1628 τοι-

37 1738 41 1742 ,
118 1666 204 1731 αὕτα
226 1659 395 1753 μιγνύντες
412 1656 600 1788 γράτρουσι.
623 1654 743 1744 νόησον
762 1660 850 1749 γάρ
852 1668 1015 1731 τοιουτονὶ
1035 1658 1209 1764 γενόμενον
1230 1666 1292 1733 εἴτε

117 1769 248 1867 πολλῶν
272 1768 351 1836 νεῶν
378 1770 453 1856 πέρι
474 1768 537 1833 εἴτε
556 1768 643 1852 μιᾶς·
662 1761 856 1886 ναύκληρον
884 1770 1021 1855 μεγέθει
1040 1774 1102 1885 ’μὲν
1123 1771 1178 1835 καὶ
1200 1764 1291 1861 ῥύμη

117 1867 199 1959 ὑπὲρ
221 1861 299 1949 τούς
313 1872 347 1937 ἐν
362 1871 407 1964 66
420 1870 479 1952 νηὶ
495 1864 631 1949 πάντας,
653 1864 889 1962 ύπόκωφονέ
840 1870 889 1937 66
911 1876 966 1937 καὶ
989 1866 1117 1963 ὁρῶντα
1136 1866 1292 1951 ὡσαύτως

26 1976 27 2058 j
117 1970 225 2064 βραχύ
249 2001 282 2041 τι
302 1978 358 2041 καὶ
378 1966 601 2060 γιγνώσκοντα
621 1978 695 2065 περὶ
716 1974 997 2065 ναυτικῶνεέτερα
1027 1976 1185 2057 τοιαῦτα,
1214 1971 1292 2053 τούς

119 2082 151 2145 66
173 2074 300 2156 ναύτας
321 2071 561 2157 στασιάζοντας
582 2072 664 2165 πρός
685 2071 849 2197 ἀλλήλους
875 2082 949 2169 περὶ
971 2078 1029 2159 της
1046 2073 1290 2165 4κυβερνήσεως,

26 2191 27 2267 ζ
119 2186 257 2249 ἕκαστον
288 2176 439 2269 οἰόμενον
470 2182 535 2247 δεῖν
567 2181 742 2271 κυβερνᾶν,
772 2176 854 2268 μήτε
883 2176 1066 2269 μαθόντα
1074 2177 1204 2249 πώποτε
1232 2178 1290 2263 τίγν
1349 2212 1351 2215 ’

26 2269 27 2304 ³
119 2289 231 2374 τέχνην
257 2281 338 2373 μήτε
356 2284 488 2373 ἔχοντα
504 2278 674 2364 ἀποδεῖξαι
695 2279 934 2351 διδάσκαλον
918 2309 1035 2353 εαυτου
1022 2285 1168 2371 μηδὲ
1158 2279 1291 2411 χρόνον,
1315 2350 1318 2355 Α

118 2391 149 2456 έν
171 2416 197 2480 ῳ
183 2379 403 2475 ἐμάνθανε,
424 2384 507 2476 πρὸς
529 2389 564 2453 66
580 2382 713 2465 τούτοις
724 2382 918 2513 φάσκοντας
930 2391 1012 2476 μηδὲ
1027 2378 1229 2473 διδακτὸν
1198 2412 1292 2471 ειυοιι,

26 2546 27 2551 ,
117 2489 204 2586 άλλά
226 2496 288 2561 καὶ
304 2488 362 2560 τόν
383 2485 577 2579 6670666,‘
554 2517 598 2569 ως
619 2487 828 2571 διδακτόν,
812 2492 961 2578 ετοίμσυς
983 2495 1228 2580 κατατέμνειν,
1233 2488 1292 2561 66·

118 2594 195 2674 τούς
228 2598 264 2663 66
297 2591 387 2688 αὐτῷ
418 2590 468 2662 άει
498 2594 543 2687 τῷ
564 2589 740 2716 γαυκλήρω
770 2590 1013 2685 περικεχύσθαι
1039 2598 1211 2683 δεομένους
1237 2600 1293 2663 καὶ

117 2696 229 2768 πάντα
250 2700 428 2776 ποιοῦντας
450 2689 537 2775 ὅπως
557 2693 599 2764 66
623 2699 719 2789 σφίσι
742 2693 780 2767 τό
802 2693 1002 2785 πηδάλιον
986 2702 1163 2794 επιτρέεγη,
1191 2700 1293 2767 ένίοτε

119 2800 169 2886 δ’,
197 2800 241 2873 ἰὶν
267 2800 313 2892 μὴ
339 2804 520 2883 πείθωσιν,
548 2796 633 2867 άλλά
660 2798 755 2867 ἄλλοι
780 2803 908 2889 μαλλον
916 2852 924 2882 ,
952 2798 1028 2880 τούς
1046 2809 1107 2890 μέν
1129 2798 1293 2886 άλλουςίὶ

118 2855 378 2984 άιίοκτιννύντας
410 2901 430 2998 6
468 2899 688 2990 ἐκβάλλοντας
713 2904 751 2981 ,ἐκ
780 2905 837 2987 τῆς
865 2901 958 2985 νεὼς,
995 2902 1054 2973 τὸν
1081 2907 1118 2972 66
1143 2911 1292 2993 γενναῖον

118 3008 303 3101 ναύκληρον
335 3004 553 3099 μανδραγόρᾳ
584 3003 605 3090 6
636 3012 730 3103 μέθη
755 3003 779 3089 6
804 3031 867 3075 τινι
900 3004 990 3101 ἄλλῳ
1025 3010 1294 3097 συμποδίσαντας

119 3119 174 3199 τῆς
202 3112 282 3195 νεὼς
308 3111 421 3202 ἄρχειν
447 3114 633 3202 χρωμένους
667 3115 738 3189 τοῖς
764 3112 890 3187 έυοῦσι,
922 3108 1159 3191 καλπένοντάς
1181 3138 1214 3182 τε
1236 3118 1293 3181 καὶ

26 3237 27 3246 ’
118 3216 359 3309 εὐωχουμένους
379 3220 487 3293 πλεῖν,
514 3209 557 3296 ὡς
574 3211 617 3282 ,τό
630 3210 725 3302 ,εἰκὸς
746 3211 822 3308 τοὺς
844 3210 1030 3297 τοιούτους,
1053 3214 1136 3301 πρὸς
1158 3219 1193 3283 δὲ
1215 3212 1292 3285 666·

26 3319 27 3352 ³
119 3350 187 3403 τοις
209 3323 435 3443 έπαιυοῦντμς,
456 3315 611 3389 ναυτικόν
627 3347 653 3441 μ
656 3325 689 3385 ἐν
710 3319 894 3397 καλοῦντας
914 3323 969 3385 καὶ
991 3317 1222 3405 κυβερνητικὸν
1236 3326 1296 3389 καὶ

26 3463 27 3492 ι
118 3423 346 3547 ε’πιστάμενρν
354 3421 395 3491 τά
416 3420 504 3490 κατά
523 3423 603 3489 ναῦν
625 3416 661 3499 ὃς
683 3418 724 3488 ἂν
745 3417 983 3509 ξυλλαμβάνειν
1005 3411 1156 3502 δεινὸς
1120 3452 1176 3541 η,
1203 3415 1290 3505 ὅπως

26 3559 27 3575 ¹
117 3525 317 3623 66506666n
296 3557 316 3623 η
316 3521 552 3612 πείθοντες)
531 3554 551 3608 η
573 3520 763 3614 βιαζόμενοι
789 3521 847 3592 τόν
868 3519 1083 3616 ναύκληρον,
1094 3522 1152 3597 τόν
1181 3529 1216 3593 δέ
1243 3553 1290 3614 μη

26 3694 27 3717 ,
61 3646 66 3656 ”
118 3637 271 3705 τοιοῦτον
297 3636 462 3758 τρέγοντας
490 3624 533 3707 ὡς
553 3626 734 3749 ἄχρηστον,
763 3630 880 3693 τοῦδέ
866 3622 1068 3709 ὲάληθινού
1091 3625 1289 3719 κυβερνήτου

26 3794 27 3803 ,
117 3746 192 3830 πέρι
211 3733 322 3825 μηδ’
310 3740 485 3814 επαΐουτες,
507 3726 559 3801 ότι
581 3728 706 3818 ἀνάγκη
728 3727 817 3823 αὐτῷ
834 3728 892 3813 τὴν
910 3733 1094 3818 ἐπιμέλειαν
1109 3738 1288 3803 ποιεῖσθαι

118 3844 271 3938 ἐνιαυτοῦ
291 3866 347 3908 και
360 3834 472 3964 ωρῶγ
470 3842 534 3903 καὶ
554 3831 698 3955 ούραυρῦ
718 3840 774 3903 καὶ
796 3830 931 3925 ἄστρων
948 3839 1004 3901 καὶ
1004 3831 1215 3957 πνευμάτιρν
1233 3841 1288 3905 καὶ

117 3944 249 4014 πάντων
269 3946 333 4011 τῶν
353 3943 391 4037 τῇ
412 3944 505 4034 τέχνη
526 3934 774 4028 προσηκόντων,
795 3963 823 4004 ει
817 3933 953 4024 μέλλει
974 3938 1020 4030 τῷ
1040 3935 1113 4009 όντι
1134 3936 1212 4019 νεὼς
1228 3936 1289 4067 ἆρ-

115 4048 207 4140 γικὸς
228 4049 381 4135 ἔσεσθαι,
402 4036 490 4121 ὅπως
510 4046 546 4110 66
565 4038 803 4163 κυβερνήσει,
786 4035 843 4112 εάν
864 4044 900 4107 τέ
920 4064 1004 4121 τινες
1022 4038 1247 4165 βούλωνται’
1231 4040 1289 4112 εάν

118 4181 152 4222 τε
183 4149 250 4241 μὴ,
289 4144 371 4240 μήτε
402 4150 515 4235 τέχνην
546 4141 667 4215 τούτου
692 4141 781 4235 μήτε
813 4148 950 4235 μελέτην
977 4138 1121 4234 οἰόμενοι
1149 4143 1290 4217 δυνατὸν

120 4250 202 4329 εἶναι
231 4249 380 4345 λαβειν
367 4242 438 4343 άμα
458 4255 515 4321 και
536 4247 598 4335 τὴν,
615 4245 874 4357 κυβερνητικήν.
892 4244 1049 4319 τοιούτων
1070 4246 1111 4331 66
1134 4256 1206 4344 περὶ
1227 4248 1288 4331 τάς

1073 4355 1113 4420 12
