3334 5142
609 418 838 488 —361-

143 580 320 655 066066'
289 608 317 651 ει
338 579 381 649 τὰ
402 582 467 648 τῶν
487 576 611 647 πόλεων
632 584 740 658 πέντε,
763 585 818 645 καὶ
833 582 868 643 αἱ
883 578 946 644 τῶν
959 573 1095 645 ἰδιωτῶν
1110 582 1312 643 κατασκευαὶ

139 691 199 774 τῆς
225 687 335 782 ψυχῆς
361 689 454 752 πέντε
482 679 523 749 ίίν
552 674 621 749 εἶεν.
644 689 676 747 et
689 684 757 750 lib.
780 684 833 747 IV
853 703 885 768 p.
911 682 989 761 665,
1011 682 1044 750 C.
1080 672 1186 758 θσοι,
1215 665 1308 759 666

140 788 216 878 έγῶ,
236 790 407 856 πολιτειῶν
426 782 544 874 τρόπον
566 782 646 852 εἰσίν
667 784 775 867 εἴδη”
756 809 895 883 εχοντες,
919 785 1073 851 τοσοῦτοι
1085 776 1312 849 κινδυνεύουσι

140 900 196 961 καί
216 894 332 982 ψυχῶν
352 885 470 981 τρόποι
485 880 577 956 εἶναι.
598 885 711 955 Πόσοι
732 882 789 969 663
810 875 976 954 Πέντεέ
935 894 1010 975 μὲ,ν
1032 872 1167 967 666³
1152 880 1230 971 εγῶ,
1254 910 1313 951 πο-

141 997 283 1075 λιτειῶν,
313 998 405 1060 πέντε
439 996 474 1060 δὲ
505 992 627 1084 ψυχῆς.
676 994 780 1074 ltaque
813 990 976 1087 ἐπίτριτος
1001 984 1143 1073 πυθμὴν
1169 983 1314 1073 πεμπάδι

142 1102 287 1184 συζυγεὶς
307 1099 393 1161 buain
414 1099 505 1159 totius
524 1096 754 1177 computationis
773 1096 871 1176 efficit.
915 1094 1001 1170 Quas
1022 1112 1099 1157 vero
1129 1085 1230 1157 660‘
1211 1116 1315 1188 αρμο-

140 1203 213 1279 νίας
234 1200 321 1265 Plato
343 1199 508 1281 inteiligit?
530 1202 602 1262 Non
624 1198 807 1282 capiendam
829 1216 899 1261 esse
920 1215 1033 1260 vocem
1054 1194 1125 1261 de
1115 1214 1185 1279 lpse
1200 1197 1317 1259 instru-

142 1313 319 1377 mentorum
340 1302 533 1367 musicorum
554 1319 667 1364 vocum
689 1308 897 1383 cantuumque
920 1306 1071 1363 concentu
1085 1317 1146 1383 per
1160 1318 1194 1362 se
1216 1306 1313 1379 patet.

143 1406 191 1472 Cs.
214 1406 269 1473 lib.
291 1408 333 1469 X.
357 1424 390 1491 p.
413 1408 489 1476 617,
514 1404 547 1466 C.
592 1404 654 1466 Sed
679 1405 774 1467 habet
793 1422 858 1465 vox
887 1398 980 1466 aliam
1006 1420 1133 1485 quoque
1161 1398 1316 1483 significa·

141 1512 260 1576 tionem
281 1510 363 1594 apud
385 1507 557 1572 Platonem.
603 1503 651 1569 Cf.
674 1504 729 1569 lib.
752 1507 805 1571 lv.
826 1524 857 1589 p.
879 1504 952 1568 63.
976 1505 1021 1566 St.
1073 1504 1145 1580 Quo
1173 1502 1244 1569 loco
1275 1504 1317 1567 si·

143 1609 504 1697 gnificarcvidebiseam
516 1627 627 1674 vocem
641 1609 838 1673 diversarum
849 1606 965 1671 virium
977 1613 1175 1671 concentum.
1199 1609 1317 1670 Eadem

144 1725 192 1782 eut
217 1713 360 1779 vocabuli
389 1711 572 1796 significatio
603 1714 688 1793 apud
709 1713 951 1798 Pythagoraeos.
986 1710 1033 1775 cf.
1057 1707 1190 1774 Philolai
1211 1709 1315 1773 locum

144 1841 186 1884 ex
207 1820 328 1883 Nicom.
349 1814 434 1899 apud
453 1818 571 1880 Bockn.
593 1814 615 1879 l.
630 1817 652 1879 l.
675 1835 708 1897 p.
733 1817 784 1878 61.
822 1803 900 1878 Ἵνα
922 1814 957 1878 δὲ
980 1817 1034 1877 καί
1060 1811 1204 1900 ἐναργῶς
1225 1834 1316 1876 πεισ-

145 1921 261 2003 θῶμεν
287 1924 359 2008 περὶ
386 1918 448 1983 τῶν
475 1919 669 2004 λεγομένων,
702 1905 764 1981 ότι
791 1911 873 2005 ἄρα
902 1916 944 1981 ἐκ
970 1917 1217 2001 μαχομένων
1247 1917 1320 1978 καὶ

146 2023 344 2089 ἐναντίων
366 2023 543 2100 συνέστη
566 2016 814 2085 τὰόντακαὶ
837 2010 1322 2107 είκότωςᾶρμονίανὸπε

146 2125 302 2206 δέξατο·
324 2118 506 2243 ἁρμονία
528 2126 571 2188 δὲ
591 2117 752 2199 παντως
774 2121 811 2201 ἐξ
831 2120 1216 2205 έναντίωνγίνεται·
1233 2119 1320 2185 ἔστι

144 2225 223 2316 γὰρ
243 2222 425 2344 ἁρμονία
446 2227 754 2310 πολυμιγὲων“
737 2248 881 2301 ενωσις
908 2229 976 2289 καὶ
1003 2223 1096 2311 διγῶ
1124 2217 1321 2313 φρονεόν-

149 2354 224 2397 των
246 2325 494 2419 ούμφρασις·
537 2330 594 2392 His
622 2326 703 2392 adde
731 2328 828 2393 alium
857 2328 961 2393 locum
990 2349 1031 2391 ex
1060 2329 1197 2393 Stobaeo
1218 2325 1263 2390 ib
1287 2345 1319 2410 p.

148 2436 201 2497 62.
230 2433 296 2497 ἐπεὶ
324 2432 361 2496 δέ
388 2454 421 2495 τε
450 2426 550 2519 ἀρχαι
575 2425 730 2550 ὁπᾶρχον
760 2455 834 2517 συγ
866 2425 1018 2517 ὁμοῖαι
1051 2424 1123 2495 ὃσδ’
1154 2418 1325 2521 ὁμόφυλοι

148 2534 258 2610 ἕσσαι,
286 2529 351 2618 666
379 2518 590 2599 ἀδύνατον
570 2558 610 2613 ης
637 2528 678 2598 σίν
708 2537 764 2597 καὶ
794 2527 911 2611 αὐταῖς
946 2532 1183 2653 κσσμηθημεν,
1216 2556 1244 2597 ει
1272 2528 1317 2617 μή

147 2632 292 2723 ἁρμονία
313 2637 530 2726 ἐπεγένετο,
516 2624 606 2700 ῶτινι
627 2629 670 2701 ῶν
691 2629 802 2726 τρόπῳ
825 2637 958 2721 ἐγένετο.
981 2632 1025 2701 τὰ
1046 2643 1106 2755 μέν
1128 2632 1173 2701 ῶν
1195 2629 1325 2717 ὁμοία

149 2744 205 2806 καὶ
231 2732 430 2831 ὁμόφυλα(
410 2740 571 2828 αρμονίας
591 2733 698 2804 οὐδέν
716 2739 895 2804 ἐπεδέοντο·
920 2735 962 2804 τὰ
984 2734 1060 2806 δὲ
1041 2742 1221 2858 ανομοία
1242 2739 1325 2824 μηδὲ

150 2837 308 2932 ὁμόφυλα
335 2843 417 2926 μηδὲ
446 2837 592 2921 ίσοτελῆ,
628 2834 756 2925 ἄναγνα
790 2836 833 2905 τὰ
860 2842 1000 2908 τοιαῦτα
1037 2837 1179 2931 ἁρμονία
1212 2864 1326 2925 συγκε-
1365 2904 1373 2917 ,

150 2948 326 3021 τελεῖσθαι,
355 2940 386 3010 εί
406 2946 559 3029 ’μέλλοντι
585 2945 618 3009 έν
651 2938 765 3034 κόσμῳ
787 2946 1006 3031 κατέχεσθαι.
1031 2966 1094 3029 quo
1127 2945 1198 3011 loeo
1231 2945 1325 3008 etiam
1365 2962 1368 2967 '

151 3046 379 3112 vocabulorum
412 3040 614 3131 ὁμοιούντων
648 3082 690 3095 -·
726 3042 971 3131 ἀνομοιούντων
1010 3047 1196 3130 explicatio,
1231 3067 1326 3133 quam

151 3160 244 3215 antea
273 3147 432 3224 dedimus,
461 3148 613 3214 firmatur.
663 3154 734 3214 Duo
761 3149 859 3235 igitur
887 3154 1070 3215 harmoniae
1100 3170 1176 3234 quas
1204 3149 1325 3224 innuit,

151 3261 223 3345 sunt
250 3252 313 3318 duo
341 3253 467 3317 diversa
496 3254 655 3315 civitatum
683 3272 819 3337 genera,
854 3261 997 3337 tempore
1024 3256 1240 3328 decurrentia,
1270 3256 1328 3317 bo-

151 3376 227 3420 num
255 3356 448 3440 malumque,
483 3355 572 3421 cuius
604 3354 722 3438 prioris
754 3377 836 3432 una,
867 3356 1053 3439 posterioris
1085 3377 1163 3422 vcro
1194 3367 1330 3441 quatuor

150 3455 273 3523 formae
294 3467 382 3533 sunt,
410 3456 598 3541 prodeuntia
619 3458 652 3537 ἐξ
672 3459 837 3544 ἐπιτρίτου
866 3461 1039 3545 πυθμένος
1066 3454 1212 3544 πεμπάδι
1236 3460 1330 3539 συζυ-

151 3563 265 3644 γέντος
285 3566 354 3649 τρὶς
386 3556 598 3640 αὐξηθέντος.
620 3559 661 3629 of.
682 3558 738 3625 lib.
768 3563 821 3625 IV.
845 3580 877 3647 p.
901 3563 975 3632 65.
1000 3563 1034 3625 C.
1074 3562 1145 3627 Καὶ
1174 3558 1254 3647 μὴν,
1288 3548 1329 3641 ἦν

152 3657 266 3747 δ’έγῶ,
289 3654 395 3751 ῶσπερ
417 3658 482 3728 ῶπὸ
504 3664 643 3785 σκοπιᾶς
663 3687 723 3747 μοι
744 3664 915 3753 φαίνεται,
940 3660 1048 3745 ἐπειδὴ
1071 3664 1225 3731 ἐνταῦθα
1246 3659 1330 3730 σίνα-

152 3759 338 3851 βεβήκαμεν
358 3765 417 3831 τοῦ
439 3760 592 3885 λόγοιν,ι
584 3759 619 3832 έν
645 3772 705 3849 μέν
725 3756 808 3832 εἶναι
838 3756 924 3843 εἶδος
951 3767 1011 3851 τῆς
1039 3761 1181 3856 ἀρετῆς,
1210 3762 1331 3855 ίίπειρα
1376 3808 1378 3815 -

153 3870 189 3934 δὲ
211 3867 270 3951 τῆς
291 3870 425 3945 κακίας,
457 3871 598 3960 τέτταρσι
620 3862 651 3933 δ
675 3870 708 3934 έν
729 3863 845 3945 αὐτοῖς
867 3864 969 3950 ίίττα,
999 3858 1043 3935 ῶν
1064 3874 1120 3936 καὶ
1141 3866 1278 3950 ίίξιον’
1263 3892 1331 3935 επι-

153 3971 358 4055 μνησθῆναι.
387 3969 466 4047 Πῶς
480 3971 642 4055 λέγεις;”
623 3997 696 4063 εφη.
715 3962 822 4050 ‘',Ooot
836 3957 959 4055 ἦνδ”
943 3968 1014 4058 εγῶ,
1029 3966 1333 4061 πολιτειῶντρόποι

154 4068 235 4139 εἰσίν
263 4072 383 4153 εἴδη”
364 4096 503 4160 εχοντες,
532 4075 687 4140 τοσοῦτοι
726 4068 950 4141 κινδυνεύουσι
979 4080 1033 4140 καί
1065 4076 1179 4168 ψυχῆς
1212 4069 1332 4161 τρόποι

154 4164 248 4241 εἶναι.
297 4171 410 4241 Πόσοι
434 4171 493 4256 δὴ;
521 4179 625 4244 Πέντε
651 4185 727 4263 μέν,
749 4164 891 4257 666⁸
876 4173 951 4262 εγῶ,
972 4180 1159 4258 πολιτειῶν,
1183 4181 1275 4244 πέντε
1296 4179 1332 4242 δέ

153 4278 276 4365 ψυχῆς.
308 4277 438 4365 Λέγε,”
419 4302 493 4370 εφη,
516 4279 614 4363 τίνες,
628 4270 784 4366 Λέγω,
753 4304 853 4357 ωπον,
876 4271 930 4347 ότι
943 4273 988 4359 εἷς
1000 4270 1178 4367 μένοῦτος,
1190 4274 1229 4347 66
1239 4275 1333 4364 ἡμεῖς

1121 4393 1159 4455 21
