3334 5142
854 408 999 475 -slo
1048 452 1083 469 ..

382 556 561 661 δαιότεραι.
602 571 647 638 Ac
675 570 752 637 mibi
777 573 906 656 quidem
930 594 992 640 uon
1016 570 1108 638 facile
1132 570 1208 661 quid
1231 573 1399 639 sublimius
1418 576 1455 638 et
1472 574 1554 659 qnod

372 677 482 760 'magis
503 694 638 740 venerer
658 676 692 739 in
713 675 842 741 Platone
870 676 971 742 videri
991 676 1081 752 solet,
1108 698 1201 762 quam
1223 680 1286 743 boc'
1312 676 1456 753 effatum,
1474 684 1553 763 qno,

382 778 504 845 etiamsi
524 781 568 843 ita
588 778 781 865 pbilosophis
800 779 916 844 iniuria
935 779 1088 865 quaedam
1107 779 1179 861 liat,
1209 782 1264 867 qui
1284 803 1305 845 a
1326 780 1558 867 persequendis

384 882 493 949 studiis
523 881 588 947 suis
613 891 797 959 arceantur,
825 883 1082 966 legumlatorem
1099 885 1169 949 non'
1191 884 1225 950 id
1252 904 1367 950 curare
1392 883 1494 959 dicit,
1521 894 1558 949 ut

382 1004 479 1052 unum
500 984 628 1070 aliquod
654 985 815 1051 bominum
839 1007 936 1071 genus
959 988 993 1050 in
1014 987 1187 1071 Republica
1206 992 1299 1053 beate
1319 986 1419 1063 vivat,
1448 986 1506 1053 sed
1523 996 1561 1051 ut

383 1091 484 1156 omnis
513 1088 623 1153 civitas
653 1092 745 1154 beata
771 1092 832 1154 dici
859 1098 946 1155 recte
974 1093 1086 1175 possit.
1130 1094 1277 1157 Potestne
1300 1091 1404 1156 maius
1427 1090 1561 1175 aliquod

381 1194 447 1259 dari
465 1194 694 1278 argumentum,
707 1214 772 1277 quo
783 1197 945 1279 probetur,
968 1194 1074 1260 omnia
1092 1216 1172 1282 quae
1189 1196 1223 1259 in
1238 1177 1300 1259 boc
1315 1196 1448 1279 dialogo
1460 1194 1562 1259 disse-

381 1302 502 1370 rantur,
529 1298 660 1361 minima
684 1299 836 1375 maxima,
863 1296 966 1363 eidem
990 1318 1059 1363 esse
1082 1297 1221 1364 subiecta
1241 1297 1316 1375 lini,
1343 1300 1457 1363 omnia
1479 1318 1562 1381 quae

382 1401 476 1477 dicat,
502 1408 603 1476 vetet,
628 1398 753 1477 iubeat,
781 1402 957 1480 edisserat?
991 1400 1038 1466 Ad
1066 1399 1291 1487 rempublicam
1312 1401 1414 1487 igitur
1441 1400 1564 1466 debere

378 1504 559 1571 redundare
590 1512 696 1569 censet
725 1504 878 1591 quidquid
903 1507 1061 1570 commodi
1090 1526 1109 1569 a
1137 1504 1268 1589 singulis
1297 1509 1403 1593 parari
1437 1507 1563 1591 possit,

382 1616 414 1675 et
437 1602 563 1674 efficere*
589 1606 706 1673 debere
734 1628 805 1672 eum
831 1610 886 1692 qui
910 1607 1068 1673 civitatem
1098 1612 1284 1685 constituat,
1322 1616 1368 1673 ut*
1387 1608 1472 1673 tales
1502 1611 1567 1672 viri

381 1711 577 1797 reipublicae
597 1698 694 1776 insint
709 1730 774 1776 non
795 1730 834 1776 co
860 1711 1003 1789 consilio,
1024 1719 1060 1777 ut
1083 1733 1340 1797 unumquemque
1361 1734 1398 1777 se
1421 1730 1567 1777 conver-

382 1828 450 1885 tere
479 1817 560 1879 sinat
583 1834 771 1901 quocunque
790 1814 884 1891 velit,
915 1816 965 1879 sed
980 1824 1014 1878 ut
1037 1817 1100 1897 ipse
1123 1818 1164 1879 iis
1186 1825 1291 1879 statur
1309 1818 1348 1879 ad
1367 1818 1568 1881 vinciendum

381 1923 557 1987 natatem,
587 1922 670 1983 Num
692 1917 768 2003 quid
788 1917 851 1983 alio
872 1916 974 1982 adbuc
995 1926 1181 2003 argumento
1200 1939 1280 2005 opus
1299 1940 1367 1984 esse
1386 1917 1568 1999 videbitur,

382 2022 577 2095 Platonisin
601 2024 663 2086 boe
684 2042 783 2106 opere
810 2021 975 2087 consilium
1000 2017 1065 2087 non
1086 2042 1155 2087 esse
1175 2020 1280 2086 virum
1303 2022 1427 2088 iustum*
1443 2046 1509 2107 per
1535 2045 1570 2088 se

383 2126 484 2195 solum
508 2128 700 2202 describere,
733 2146 828 2209 quum
855 2125 1036 2212 philosophi
1065 2146 1146 2211 quae
1174 2134 1286 2191 natura
1306 2148 1363 2191 sua
1389 2130 1419 2191 ei
1450 2126 1571 2192 afferat

254 2254 258 2263 ·
383 2229 554 2298 commoda
571 2228 813 2315 felicitatemque
835 2236 898 2293 mm
918 2248 1028 2312 parum
1049 2236 1150 2305 curet,
1173 2238 1209 2295 ut
1230 2232 1303 2294 satis
1317 2251 1471 2315 magnam
1493 2252 1570 2317 par

386 2344 468 2410 tem,
503 2335 635 2397 civitatis
662 2354 755 2396 causa
779 2335 809 2397 ei
830 2331 971 2422 auferat,
1009 2331 1183 2417 relictaque
1204 2324 1379 2430 studiorum
1405 2337 1570 2399 suavitate

383 2436 517 2503 civitatis
538 2431 697 2521 regendae
716 2436 857 2502 laborem
882 2444 977 2521 atque
1002 2435 1176 2501 molestiam
1199 2454 1271 2502 eum
1295 2434 1402 2502 subire
1429 2436 1569 2503 iubeat?

383 2544 554 2609 Et'contra
574 2532 627 2604 vix
649 2542 776 2605 videtur
791 2538 926 2605 dubitari
941 2560 1049 2625 posse,
1079 2542 1155 2624 quin
1169 2544 1209 2605 ad
1225 2542 1382 2604 civitatem
1398 2544 1571 2626 pertineat

389 2645 491 2711 omnis
517 2643 619 2709 oratio
644 2645 727 2719 eius,
758 2664 855 2730 quum
884 2662 949 2708 non
980 2620 1175 2729 singulorum
1204 2647 1261 2708 sed
1288 2645 1461 2718 universae
1492 2646 1571 2711 civi·

387 2752 459 2829 tatis
480 2748 612 2813 salutem
627 2768 661 2812 se
678 2755 819 2831 spectare
836 2746 929 2812 dicat.
976 2745 1024 2811 Cf.
1044 2747 1099 2812 lib.
1121 2752 1174 2817 1v.
1197 2770 1229 2833 p.
1252 2748 1325 2811 tao.
1351 2749 1396 2811 st.
1421 2755 1458 2813 et
1483 2771 1569 2835 quae

383 2857 522 2921 ad'eum
548 2852 652 2929 locum
678 2850 760 2916 dicta
785 2835 867 2916 sunt.
891 2886 932 2897 —
954 2852 1101 2915 Fortasse
1124 2859 1229 2915 tamen
1251 2870 1383 2937 quaeras
1406 2853 1492 2935 quid
1518 2858 1568 2932 sit,

385 2959 470 3045 quod
492 2954 580 3021 Plato
601 2953 805 3043 philosophos
827 2952 981 3019 maiorem
1001 2954 1084 3019 vitae
1105 2975 1180 3019 snae
1203 2962 1324 3041 partem
1346 2954 1462 3019 studiis
1488 2958 1569 3022 velit

385 3056 454 3127 ess'e
488 3058 630 3125 deditos?
682 3059 785 3123 Intrat
804 3054 970 3123 docebitur
1004 3078 1098 3143 quam
1129 3078 1201 3123 sero
1233 3056 1325 3122 liceat
1357 3057 1566 3145 philosophis

312 3225 316 3237 ,
382 3171 466 3257 totos
493 3184 528 3229 se
553 3165 628 3228 dare
651 3164 779 3237 studiis,
809 3164 1198 3248 quantumquc¹temporis
1221 3155 1356 3246 spatium
1378 3170 1476 3228 antea
1502 3168 1566 3229 rei·

383 3266 528 3356 publicae
553 3266 659 3331 dicare
684 3269 828 3335 debeant.
872 3266 935 3329 Cur
962 3269 1040 3331 vcro
1072 3264 1172 3330 maius
1200 3268 1335 3352 spatium
1359 3268 1394 3330 in
1419 3272 1565 3351 regenda

384 3368 545 3459 republica
567 3367 772 3456 philosophos
794 3370 915 3434 versari
937 3363 1012 3434 velit
1033 3384 1126 3455 qaam
1147 3381 1226 3455 opus
1241 3377 1299 3445 est,
1327 3389 1408 3454 quos
1423 3372 1563 3436 civitatis

385 3471 648 3542 administrandae
673 3494 787 3538 munus
810 3480 904 3556 atque
934 3475 1096 3558 negotium
1119 3494 1178 3557 per
1202 3477 1287 3539 vices
1313 3474 1403 3538 obire
1432 3476 1562 3557 placet?

315 3638 319 3648 f
383 3582 465 3646 Nam
486 3580 548 3643 boc
572 3599 670 3643 unum
697 3580 815 3641 iudicat
842 3576 998 3653 efficere,
1024 3584 1059 3642 ut
1082 3576 1220 3642 civitates
1244 3580 1325 3641 bene
1349 3585 1508 3660 regantur
1533 3586 1562 3643 et

384 3682 507 3750 liberae
529 3681 592 3747 siut
610 3702 629 3745 a
648 3679 766 3757 turbis,
793 3682 820 3745 si
843 3689 981 3747 rectores
1001 3702 1109 3746 earum
1134 3703 1197 3746 non
1223 3690 1333 3767 sponte
1353 3701 1410 3745 sua
1437 3684 1480 3745 ad
1506 3704 1560 3765 gu·

385 3778 555 3853 bernacula
579 3784 741 3857 accedant,
778 3784 833 3855 sed
854 3782 989 3851 babeant
1013 3787 1099 3869 quod
1125 3787 1226 3879 pluris
1246 3782 1347 3860 abiis
1371 3781 1436 3851 liat.
1480 3788 1557 3849 llum

385 3896 502 3975 potest'
516 3892 560 3954 ita
586 3892 625 3953 de
658 3887 853 3974 pbilosophis
884 3888 944 3954 viri
975 3888 1050 3954 iusti
1081 3886 1278 3953 describendi
1310 3886 1410 3972 gratia
1442 3885 1557 3952 dixisse

386 3994 571 4069 videri,'an
592 3993 725 4059 civitatis
747 3997 862 4057 causa?
1352 3992 1358 4000 ‘
