3334 5142
567 379 797 448 ...305-

78 554 187 615 etwas
207 539 567 635 zusammenlriingendes
595 538 649 612 bei
669 542 728 608 der
755 536 855 640 sache
877 536 1011 622 gedacht
1036 529 1139 612 habe,
1173 531 1262 620 somt

78 661 174 717 wtire
194 669 291 716 unser
310 651 433 712 Rathen
449 645 485 733 J'a
506 644 588 711 ohne
608 643 674 711 Ziel
694 646 758 710 und
780 642 925 708 Zwecka
970 640 1034 704 Sed
1053 641 1204 706 hactenus
1221 640 1263 705 de

77 757 148 821 his.
184 756 386 840 lam,.quum
407 749 468 816 alia
487 746 681 816 firmioribus
702 747 893 834 argumentis
922 763 1016 830 quam
1036 739 1130 810 antea
1153 764 1277 831 super·¹

79 867 229 940 struere,
251 855 317 926 alia,
334 876 433 942 eaque
446 875 565 941 pauca,
589 872 671 938 quae
684 859 770 918 recte
785 852 965 916 desiderata
978 855 1067 928 sunt,
1092 851 1260 918 emendare

79 983 186 1046 posse
205 958 387 1040 videamur,
410 982 450 1027 ne
471 944 587 1032 veritas
608 960 720 1044 denuo,
736 953 938 1031 obscuretur,
969 955 1011 1019 ad
1039 951 1173 1036 eandam
1193 973 1263 1020 rem

80 1065 184 1132 nobis
210 1064 405 1132 redeundum
430 1084 500 1130 esse
527 1059 716 1146 putavimus.
761 1065 951 1152 Repetemus
978 1078 1034 1136 ea,
1066 1078 1149 1145 quae
1176 1063 1265 1126 recte

81 1169 184 1238 nobis
205 1168 414 1258 disputavisse
434 1166 593 1235 videmur.

186 1276 337 1341 Virorum
371 1271 626 1340 doctissimorum
653 1271 711 1355 qui
737 1271 777 1334 do
812 1289 945 1336 numero
971 1267 1108 1336 Platonis
1135 1269 1270 1355 scripse-

82 1385 189 1454 runt,·
218 1379 313 1446 haud·
329 1375 422 1445 facile
451 1380 523 1462 quis
551 1395 720 1442 nnmerum
749 1373 866 1440 inierit
910 1375 1054 1452 Quorum
1079 1375 1209 1440 uomina
1239 1378 1272 1440 et

84 1480 263 1569 sententias
300 1482 328 1546 si
365 1500 558 1566 cognoscere
585 1478 683 1555 velis,
724 1479 818 1543 adeas
850 1478 883 1546 C.
903 1481 939 1544 E.
973 1478 1047 1544 Chr.
1088 1476 1274 1544 Schneideri

84 1584 235 1652 libellum
270 1604 335 1672 quo
366 1583 480 1665 Variae
506 1581 668 1658 rariorum
696 1583 736 1648 de
767 1580 907 1648 Platonis
941 1601 1075 1648 numero
1105 1583 1272 1666 opiniones

86 1690 304 1782 continentur,
357 1690 404 1756 lle
438 1694 548 1755 nostra
582 1688 710 1773 qmdem
744 1692 848 1751 aetate
881 1686 1068 1768 defuerunt,
1104 1685 1160 1770 qui
1187 1683 1273 1752 idem

86 1800 314 1877 argumentum
341 1789 539 1859 tractandum
567 1789 630 1859 sihi
657 1796 828 1856 sumerent.
871 1791 907 1859 ln
929 1809 1039 1855 eorum
1060 1808 1196 1857 numero
1226 1796 1273 1856 ost

85 1889 249 1968 Friesius.
279 1888 507 1968 Schneideru‘s,
536 1891 878 1978 Schleiermechcrus.*l
927 1895 989 1959 Hic
1019 1913 1098 1961 vero
1126 1895 1213 1978 quod
1234 1892 1269 1959 in

88 1999 282 2087 explicando
316 2003 378 2067 hoc
408 2018 539 2082 numero
562 1997 632 2086 sibi
664 1996 785 2068 oblatas
820 1994 1018 2062 dillicultates
1051 1996 1175 2063 solvere
1207 2016 1273 2063 nou

88 2107 266 2188 potuisset,
297 2102 434 2189 primum
460 2109 665 2177 commotum
683 2121 717 2168 so
751 2121 822 2167 osse
850 2099 1034 2186 profitetur,
1068 2107 1105 2166 ut
1127 2107 1273 2187 coeptum

90 2227 175 2293 opus
198 2209 382 2288 Germanice
395 2207 548 2272 «tradendi
568 2205 730 2284 Platonem
751 2226 770 2271 e
791 2192 945 2279 manibus
959 2203 1159 2292 deposuerit3
1185 2210 1270 2292 etue

43 2306 44 2391 j
89 2328 180 2374 nunc
200 2308 327 2395 quidem
342 2309 449 2375 omnia
462 2309 522 2374 sihi
536 2312 577 2376 ad
586 2309 742 2394 liquidum
753 2313 906 2397 perducta
919 2308 1021 2376 videri
1035 2306 1270 2396 pronunciat.**]

43 2402 44 2421 l
90 2415 177 2476 Rom
196 2410 295 2494 igitur
315 2409 476 2476 difficilem
496 2412 668 2497 aggredior
682 2422 713 2479 et
726 2417 868 2480 arduam.
905 2415 1010 2492 Quare
1032 2419 1068 2480 ut
1088 2411 1194 2480 omnia
1208 2433 1276 2478 ma·

93 2515 145 2600 gis
167 2514 261 2599 plana
282 2522 314 2580 et
333 2513 503 2602 perspicua
523 2514 615 2602 liant,
645 2517 769 2603 inipso
790 2519 880 2602 quasi
901 2517 1032 2584 introitu
1054 2515 1278 2600 disputationis

94 2617 318 2702 explicandum
331 2617 572 2710 .videtur'esse,
604 2639 698 2704 quam
724 2619 808 2685 viam
835 2624 869 2685 in
890 2623 948 2686 hac
975 2618 1145 2705 scriptione
1175 2621 1275 2686 secuti

95 2724 213 2788 simus.⁴
237 2723 346 2806 ltaque
361 2721 465 2806 ipsum
476 2722 731 2809 Platonislooum
745 2721 881 2810 primum
896 2719 1135 2803 exhibebimus3
1158 2723 1276 2788 deinde

96 2833 250 2912 sequetur
269 2827 455 2914 placitorum
476 2827 727 2903 Platonicorum,
751 2848 834 2912 quae
855 2835 962 2894 tenere
982 2846 1111 2904 necesse
1139 2833 1204 2902 est,
1236 2845 1281 2902 eu

95 2923 270 3014 Republica
289 2928 389 3017 petita
409 2930 597 2997 brevissima
617 2929 837 3010 adumbratim
870 2940 938 2996 tum
965 2931 1000 2998 in
1020 2952 1117 2999 unum
1149 2928 1277 3014 collige·

96 3054 169 3098 mus
191 3053 304 3110 omnes,
320 3031 524 3118 Reipublicae
538 3036 645 3112 locos,
669 3034 784 3120 οοίοοι
797 3034 887 3113 Plato
902 3038 1036 3102 eandem
1051 3057 1135 3112 rem,
1145 3017 1148 3027 ’
1157 3035 1198 3099 de
1214 3054 1278 3122 qua

97 3135 150 3202 hic
171 3129 289 3222 agitur,
310 3138 435 3234 planius
455 3138 640 3226 proposuit3
663 3146 826 3228 postremo
841 3139 981 3208 Platonis
993 3159 1161 3208 numerum
1176 3136 1278 3223 expli·

100 3242 254 3314 cabimus.
438 3306 442 3312 ,
622 3270 626 3278 ·

488 3467 684 3560 ancruc
709 3471 896 3552 Platone.

191 3655 276 3746 Φέρε
302 3643 494 3739 relevastis
520 3652 551 3724 δ’
582 3654 655 3744 ἐγὼ,
683 3651 879 3748 πειρώμεθα
903 3659 1024 3745 λέγειν,
1052 3655 1125 3726 τίνα
1153 3650 1278 3748 τρόπον

103 3760 298 3848 τιμοκρατία
324 3754 439 3847 γένοιτ
473 3757 518 3826 dn
548 3762 582 3844 ἐξ
615 3756 862 3852 ἀριςοιιρατὶας.
891 3757 912 3842 ἢ
938 3755 1014 3828 τόδε
1043 3767 1104 3850 μὲν
1132 3757 1275 3840 ἁπλοῦν,

104 3855 154 3932 ὅτι
175 3865 267 3930 πᾶσα
287 3862 435 3930 πολιτεία
454 3859 654 3951 μεταβάλλει
675 3864 709 3946 ἐξ
723 3860 833 3932 αὐτοῦ
854 3865 913 3931 τοῦ
928 3862 1061 3953 ἔχοντος
1081 3860 1142 3944 τὰς
1162 3860 1276 3956 ἀρχὰς,

173 4116 198 4186 ¹)
213 4119 264 4171 Etr
289 4131 360 4172 nnnc
383 4119 513 4172 accedunt
535 4118 651 4174 rasurus
675 4126 704 4174 et
721 4121 901 4176 Schneiderus
928 4124 1041 4186 iterum,
1065 4122 1217 4187 Brrntstus,
1242 4120 1273 4176 C.

107 4211 150 4264 Fr.
169 4210 347 4263 normannus.
427 4262 434 4268 .
1279 4208 1284 4226 ”

174 4296 207 4361 ”l
227 4298 609 4359 consuscitaremur.
630 4313 657 4366 p.
677 4300 730 4356 58⁰
748 4313 810 4368 sqq.

1073 4403 1147 4469 ao.
