3334 5142
843 403 1031 464 ..p-

357 557 424 624 fieri
446 562 555 646 possit,
579 564 635 626 sed
657 583 802 646 magnam
824 565 905 628 adeo
927 564 990 627 vim
1010 563 1157 627 habitura
1179 563 1218 625 sit
1239 562 1272 624 in
1290 563 1366 626 alias
1384 563 1524 625 civitates

357 671 450 749 atque
473 663 616 748 populos.
663 665 692 750 b)
717 669 749 732 Si
777 688 853 730 vera
881 674 952 731 sunt
979 688 1015 731 ea
1043 688 1124 751 quae
1153 668 1192 730 de
1216 667 1335 730 Timaei
1357 676 1389 729 et
1411 666 1525 731 Critiae

270 779 272 783 ’
358 775 540 852 argumento
562 772 624 833 hoc
646 771 716 833 loco
737 775 921 846 afferuntur,
945 792 1024 855 quae
1040 791 1115 835 vera
1129 792 1197 834 esse
1213 791 1305 834 nemo
1320 775 1426 853 negat,
1449 771 1524 831 item

357 893 434 937 vera
456 875 518 938 sint
538 893 667 939 necesse
691 881 754 950 est,
787 896 867 959 quae
894 877 933 938 de
955 877 1067 938 Politia
1089 874 1138 938 bic
1160 876 1314 940 dicuntur.
1357 871 1403 938 cf.
1420 895 1452 955 p.
1470 876 1523 946 27,

357 980 395 1042 A.
419 981 455 1040 Β.
481 979 526 1041 St.
572 978 601 1063 5)
626 980 789 1054 TimaeuS,
815 980 1023 1062 Respublica,
1052 977 1163 1043 Critias
1185 980 1227 1044 ita
1249 980 1331 1040 inter
1353 999 1386 1040 se
1409 997 1526 1039 conne-

359 1088 499 1158 ctuntur,
527 1088 562 1144 ut
591 1082 749 1148 coniuncti
775 1084 857 1146 inter
886 1105 919 1146 se
940 1103 1037 1163 unum
1060 1085 1217 1167 quoddam
1240 1103 1353 1164 corpus
1376 1077 1522 1143 efficiant.

356 1185 395 1249 Ut
416 1208 491 1250 vero
514 1188 636 1251 animus
658 1196 765 1251 noster
788 1188 996 1269 admiratione
1018 1188 1153 1270 quadam
1175 1188 1332 1267 repletur,
1357 1207 1427 1248 cum
1447 1187 1525 1247 haec

358 1292 485 1374 egregia
507 1311 605 1374 opera
626 1293 670 1354 ita
691 1311 834 1354 connexa
857 1292 1053 1373 esselsentit,
1077 1299 1112 1370 ut
1133 1292 1166 1354 in
1186 1312 1285 1380 unom
1307 1290 1397 1374 quasi
1411 1309 1525 1370 corpus

337 1380 523 1461 ¹coniuncta
545 1394 650 1460 divina
673 1402 704 1484 et
725 1386 862 1458 hnmana
883 1376 988 1457 omnia
1010 1396 1268 1478 complectantur,
1294 1394 1337 1455 ita
1360 1395 1438 1455 haec
1459 1413 1527 1454 om-

356 1501 405 1562 nis
433 1521 484 1564 res
512 1502 551 1568 ad
579 1501 713 1562 nihilum
742 1502 835 1583 plane
858 1501 996 1562 reditura
1017 1503 1082 1573 est,
1115 1499 1141 1560 si
1162 1499 1241 1561 haec
1264 1517 1338 1582 vera
1359 1517 1422 1560 non
1444 1496 1523 1570 sint,

357 1603 384 1666 si
406 1609 622 1686 argumentum
644 1603 774 1682 Politiae
797 1624 861 1665 non
883 1624 958 1667 vere
980 1609 1123 1666 versetur
1143 1601 1176 1665 in
1198 1601 1387 1684 Republica,
1418 1600 1444 1662 si
1467 1619 1526 1681 per

357 1709 461 1770 lusum
482 1709 562 1770 haec
584 1703 770 1770 confinxerit
791 1708 1001 1788 philosophus
1012 1704 1045 1790 *).

442 1816 559 1876 Tamen
585 1811 730 1886 fuerunt,
769 1812 823 1894 qui
853 1832 948 1894 quum
981 1813 1123 1873 Socrates
1145 1811 1224 1872 nihil
1246 1811 1339 1892 plane
1362 1810 1444 1872 dicat
1464 1811 1526 1872 hoc
1571 1835 1574 1840 ·

356 1916 434 1986 loco,
450 1918 489 1979 de
510 1915 626 1986 iustitia
650 1916 779 1998 eiusque
802 1915 954 1998 dignitate
967 1922 1014 1978 ¹et'
1030 1916 1196 1997 praemiis,
1234 1935 1293 1979 nec
1315 1916 1354 1976 de
1375 1913 1526 1976 iniustitia

358 2022 487 2104 eiusque
510 2020 702 2102 turpitudine
724 2027 756 2081 et
776 2020 902 2103 poenis,
924 2018 963 2084 de
984 2021 1099 2102 quibus
1119 2016 1221 2082 rebus
1238 2025 1343 2081 tamen
1364 2009 1398 2084 in
1413 2017 1527 2083 Politia

357 2122 439 2190 libro
461 2124 566 2208 primo
588 2143 693 2206 usque
709 2125 749 2200 ad
764 2119 929 2206 quartum,
952 2131 985 2189 et
1006 2131 1117 2205 postea
1137 2124 1220 2186 libro
1242 2134 1335 2191 nono
1350 2126 1384 2184 et
1403 2121 1526 2184 decimo

356 2228 516 2298 uberrime
532 2228 729 2304 disseruerim
753 2227 834 2292 nihil
856 2247 951 2309 porro
975 2228 1015 2290 de
1037 2227 1236 2309 philosophis
1258 2232 1291 2289 et
1310 2224 1525 2306 philosophia,

357 2333 437 2397 nihil
458 2353 498 2396 ne
522 2331 819 2420 demagistratihus
836 2332 963 2414 quidem
985 2331 1132 2405 civitatis,
1153 2330 1325 2412 studiisque
1340 2329 1454 2411 quibus
1467 2329 1527 2390 hos

358 2456 489 2518 operam
514 2437 598 2512 darex
612 2441 789 2518 oporteret,
819 2435 961 2517 nihilque
989 2437 1028 2497 de
1047 2473 1052 2477 Δ
1059 2435 1223 2516 permultis
1252 2434 1321 2496 aliis
1342 2435 1457 2506 rebus,
1487 2432 1526 2493 de

358 2541 471 2623 quibus
502 2539 717 2624 copiosissime
748 2545 842 2622 atque
864 2539 1095 2602 accuratissime
1118 2538 1343 2620 disputaverit,
1358 2537 1456 2611 ,hanc
1477 2555 1527 2597 re·

357 2629 538 2709 censionem
561 2663 671 2708 eorum
693 2663 773 2726 quae
795 2641 898 2724 pridie
920 2643 1135 2716 dissemisset,
1159 2643 1250 2705 valde
1271 2658 1414 2704 mancam
1435 2638 1528 2700 mini-

358 2768 472 2830 meque
494 2748 620 2829 plenam
643 2766 711 2810 esse
734 2747 893 2822 arbitrati,
926 2767 991 2810 non
1018 2743 1057 2808 de
1080 2752 1223 2809 accurata
1242 2746 1295 2808 hio
1315 2744 1368 2826 agi
1389 2743 1527 2824 capitum

359 2835 460 2924 omnis
483 2850 715 2932 disputationis,
740 2870 819 2933 quae
842 2850 954 2914 Politia
975 2851 1164 2925 continetur,
1188 2848 1445 2922 enumeratione,
1470 2847 1534 2913 sed.

357 2943 521 3025 simulasse
544 2955 705 3023 Socratem
726 2954 955 3029 iudicaverunt,
978 2955 1120 3018 hesterni
1142 2954 1296 3017 sermonis
1318 2949 1415 3014 finem
1435 2968 1528 3033 argu-

358 3064 561 3140 mentumque
589 3058 623 3123 in
650 3058 775 3128 civitate
796 3066 955 3123 versatum
976 3080 1066 3133 esse,
1101 3059 1288 3140 ecquidem
1311 3055 1461 3129 consilio,
1489 3060 1528 3116 ut

356 3167 423 3234 tres
445 3163 586 3244 dialogos
608 3161 754 3230 Politiam
776 3162 938 3226 Timaeum
961 3162 1164 3245 Critiamque,
1189 3167 1372 3246 argumento
1391 3160 1527 3242 quadam

359 3272 508 3349 exparte
531 3265 721 3343 seinvicem
743 3267 944 3343 adiuvantes,
976 3274 1108 3330 externa
1136 3267 1230 3329 etiam
1254 3265 1357 3327 forma
1375 3265 1527 3326 concinne

359 3375 468 3451 posset
488 3367 774 3454 coagmentare**).,
806 3371 870 3433 Sed
882 3377 1088 3435 serravenmt.
1132 3371 1211 3434 Nam
1231 3370 1337 3434 verbis
1358 3361 1413 3431 nib
1426 3390 1459 3432 ce
1473 3369 1527 3430 καὶ
1636 3437 1640 3446 ,

357 3471 390 3552 ,ἐξ
411 3467 488 3537 οἵων.
509 3467 635 3560 ἀνδρῶν
657 3468 774 3560 ἀρίστη
795 3460 996 3564 caesonius?
1019 3470 1059 3538 ἄν
1080 3498 1138 3560 μοι
1159 3475 1320 3558 γενέσθαι
1339 3465 1528 3537 non-‘solum

357 3577 503 3650 iustitiae
526 3583 558 3640 et
587 3578 677 3642 ideae
706 3577 782 3643 boni
804 3613 853 3641 ···..
868 3572 948 3661 quae
976 3584 1099 3653 mmen,
1132 3597 1227 3661 quum
1255 3597 1319 3640 non
1341 3577 1403 3641 sint
1422 3583 1528 3658 partes

356 3681 587 3763 Reipublicae,
620 3683 676 3747 sed
704 3685 823 3746 tantum
857 3679 1094 3747 bmdamentum
1120 3683 1154 3745 in
1183 3702 1246 3765 quo
1273 3682 1336 3744 illa.
1350 3686 1525 3753 extruetur,

304 3858 308 3865 ,
357 3785 540 3872 singillatim
556 3788 829 3850 commemoranda
843 3806 908 3850 non
927 3784 1066 3863 fuemnt,
1091 3807 1187 3870 quum
1212 3785 1315 3867 capita
1334 3785 1530 3848 tantumhe-

360 3972 693 3988 Q

363 4159 367 4170 .
429 4115 453 4185 ¹)
473 4117 512 4172 ct.
533 4117 752 4172 detonantem
772 4121 1021 4188 commentationem
1040 4125 1156 4170 nostram
1173 4131 1200 4171 a.
1220 4115 1291 4169 leto
1306 4116 1420 4180 editam,
1447 4125 1527 4181 quam

363 4219 411 4267 nos
429 4209 551 4274 pluribus
571 4213 677 4264 mutatis
696 4215 743 4263 eut
761 4209 864 4263 omissis
882 4211 931 4262 hic
942 4211 1124 4272 repetivimus.

432 4333 467 4402 ”l
484 4336 525 4391 Gt.
544 4337 738 4404 Morgenstern.
759 4337 792 4390 de
810 4336 878 4388 Flete
898 4335 1014 4400 Republ.
1034 4349 1060 4400 p.
1081 4335 1126 4387 31.
