3334 5142
601 410 812 477 ..97-

114 588 241 637 omnem
270 565 429 637 ciritctem
459 566 647 637 exstructam
669 590 739 637 esse
759 565 918 657 appareti.
962 572 1008 638 td
1030 568 1303 641 eructassem

113 676 280 760 pertinere
296 696 361 740 non
380 678 461 743 haec
480 674 598 749 seium,
621 673 994 762 sedsequentiaetiam,
1016 696 1070 746 res
1092 678 1161 763 ipsa
1183 679 1286 743 dccet.

113 782 225 863 ltaque
245 798 431 865 pergemust
461 779 718 863 liempublicam‚
752 781 899 845 Socrates
920 781 1045 867 inquit,
1080 802 1162 867 qnae
1191 779 1290 847 semel

112 884 197 947 bene
225 902 356 948 currere
384 884 541 966 coeperit,
571 902 706 967 pergere
731 880 997 970 quemadmodum
1024 888 1119 951 orbes
1146 883 1269 951 soleant
1276 920 1287 961 ,

112 987 169 1070 qni
184 1006 310 1073 semper
322 987 459 1052 maiores
473 986 558 1056 fiant.
587 990 679 1051 -Nam
699 984 815 1052 bonam
829 990 1049 1055 educationem
1065 988 1290 1074 honaingenie

112 1088 259 1169 efficere,
288 1091 381 1157 nonis
406 1110 486 1157 vero
510 1089 649 1175 'ingeniis
673 1090 850 1177 praeditos,
879 1093 907 1157 si
928 1090 1012 1159 bone
1033 1090 1218 1159 educatione
1239 1093 1289 1159 usi

109 1190 243 1271 inerint,
264 1180 416 1259 meliores
436 1196 530 1259 etiam
551 1196 711 1278 prioribus
726 1194 873 1273 eradere,
898 1214 970 1264 cnm
984 1194 1018 1262 in
1032 1196 1163 1284 reliquis
1176 1200 1286 1275 rebus,

111 1305 181 1370 tum
210 1300 244 1362 in
272 1300 463 1382 generando.
512 1301 691 1366 Videndum
716 1301 910 1384 igituresse
938 1303 1068 1367 summis
1094 1300 1291 1388 reipublicae·

112 1404 368 1486 magistratibus,
404 1422 446 1467 ne
473 1404 558 1488 qnid
576 1402 660 1468 circa
685 1405 911 1488 gymnasticam
943 1413 976 1469 et
1006 1408 1158 1479 musicam
1187 1412 1289 1472 entem
1404 1424 1407 1431 ’

112 1515 260 1577 novetur.
276 1497 378 1584 Εἶδος
399 1503 464 1593 γὰρ
486 1503 599 1573 καινὸν
619 1507 780 1593 μουσικῆς
793 1503 1019 1594 μεταβάλλειν
1033 1504 1231 1594 εὐλαβητέον
1245 1504 1289 1589 ῶς
1318 1576 1320 1587 .

113 1611 149 1677 ἓν
170 1602 236 1702 ίίλιμ
258 1605 503 1680 κινδυνεύοντα·
531 1606 680 1697 οὐδαμοῦ
706 1608 772 1699 γὰρ
796 1613 964 1679 κινοῦνται
987 1614 1148 1700 μουσικῆς
1169 1609 1289 1705 τρόποι

114 1710 193 1781 ἄνευ
222 1713 398 1781 πολιτικῶν
426 1708 536 1801 νόμον
562 1715 626 1780 τῶν
653 1716 828 1801 μεγίστων,
863 1707 906 1797 ῶς
928 1714 1010 1807 φησί
1031 1740 1066 1783 τε
1091 1712 1211 1809 Δοίμων
1231 1712 1288 1786 καί

114 1815 178 1903 ἐγὼ
197 1820 375 1906 πείθομαι.
416 1820 507 1885 Hanc
520 1826 638 1884 eutem
658 1817 738 1903 legis
759 1818 979 1904 migrationem
999 1819 1092 1887 iacile
1113 1828 1145 1885 et
1166 1820 1287 1895 clancu-

113 1924 181 1988 lum
206 1924 352 2007 irrepere
379 1928 474 2008 atque
499 1924 563 1999 ita,
593 1923 734 1990 occinit
756 1923 836 1988 'mati
867 1926 1019 1991 effectura
1040 1923 1285 1993 esscrideatur.

113 2029 333 2093 Namsensim
355 2047 389 2092 se
409 2026 618 2092 insinuantem
634 2028 674 2091 in
692 2029 802 2092 ¹mores
823 2046 953 2115 serpere
975 2036 1007 2095 et
1028 2028 1146 2104 studia,
1170 2050 1217 2095 'es
1238 2028 1288 2095 iris

113 2130 147 2197 in
167 2139 277 2197 mutua
304 2130 491 2197 commercia
517 2130 582 2195 iam
606 2128 761 2197 maiorem
784 2135 979 2217 precedere,
1016 2154 1058 2199 ex
1089 2133 1288 2199 commerciis

114 2236 266 2323 progredi
286 2238 327 2300 ad
348 2238 435 2319 teges
455 2252 589 2319 remque
609 2234 767 2321 publicam
787 2250 860 2301 cnm
888 2237 986 2303 multa
1013 2236 1157 2315 licentis,
1185 2240 1289 2304 donec

114 2344 244 2406 tandem·
262 2346 374 2406 cuncta
395 2348 427 2408 et
447 2338 569 2425 privata
582 2346 615 2405 et
627 2338 753 2422 publice
769 2348 940 2426 pervertat,
964 2343 1023 2417 ἕως
1044 2336 1085 2409 ίίν
1107 2342 1288 2409 τελευτῶσα

114 2438 224 2511 πάντα
246 2440 317 2535 ἰδία
337 2447 394 2518 καί
415 2443 559 2532 δημοσία
580 2438 761 2539 ῶνατρέεμμ.
805 2442 855 2528 Oh
870 2446 1060 2529 eamigitnr
1072 2452 1198 2511 causam
1210 2466 1289 2530 pue·

113 2567 168 2613 ros
188 2547 284 2614 huius
305 2545 451 2624 civitatis,
475 2544 560 2634 qnod
582 2550 644 2612 iam
666 2544 758 2612 initio
779 2545 905 2624 dixerit.
928 2546 1009 2615 ludis
1027 2551 1125 2635 magis
1139 2548 1289 2633 legitimis

113 2651 303 2719 imbuendos
325 2672 404 2718 csse.
446 2655 525 2716 Nam
546 2646 580 2715 id
601 2649 662 2715 nisi
682 2648 753 2728 flet,
783 2649 906 2736 legibus
928 2650 1112 2717 obedientes
1125 2659 1166 2717 'et
1186 2636 1298 2722 bones⁴

114 2758 201 2822 siros
223 2776 264 2822 ex
285 2754 325 2821 iis
346 2754 515 2840 provenire
534 2774 600 2821 non
620 2774 744 2840 posses
772 2756 806 2819 Si
827 2774 905 2820 vero
927 2757 1091 2842 coeperint
1110 2755 1204 2840 pueri
1218 2758 1289 2841 put-

114 2860 189 2927 eure
214 2862 346 2937 tudere,
382 2867 414 2924 et
443 2856 589 2927 ordinem
619 2856 743 2942 legibus
775 2867 1020 2926 consentaneum
1051 2881 1110 2945 per
1137 2861 1289 2927 musicam

114 2966 311 3048 acceperint,
340 2966 434 3048 plane
455 2963 615 3028 contrario
635 2966 735 3029 modo
755 2970 850 3049 atque
871 2962 987 3027 initiis
1009 2961 1049 3029 ad
1071 2967 1175 3030 omnia
1197 2962 1289 3050 sequi

115 3072 253 3135 eundern
281 3076 314 3134 et
341 3068 469 3141 invare,
501 3068 712 3151 corrigentem
734 3065 829 3132 etiam
851 3070 877 3132 si
900 3068 975 3151 quid
997 3070 1142 3132 antesin
1164 3068 1298 3134 civitate

113 3172 260 3239 iacuerit.
298 3176 366 3238 ¹Eos
387 3170 485 3257 igitur
506 3170 626 3255 quiite
647 3169 768 3237 educati
790 3172 853 3235 sint
873 3168 964 3235 facile
986 3171 1170 3238 inventuros
1191 3190 1292 3257 parva

113 3281 212 3353 haec,
237 3273 397 3362 quomodo
420 3294 497 3359 erga
517 3276 659 3339 seniores
681 3294 715 3339 se
737 3292 851 3359 gerere
872 3275 1011 3340 debeant
1030 3276 1190 3353 iuniores,
1213 3294 1291 3360 erga

111 3389 263 3469 parentes
277 3378 383 3457 liberi,
404 3387 437 3445 et
450 3399 578 3445 omnem
593 3378 736 3465 corporis
746 3375 886 3444 habitum
901 3376 1081 3464 cultumque
1094 3381 1149 3464 qni
1159 3382 1287 3461 decestc

114 3485 252 3551 stultum·
266 3504 346 3551 vero
366 3504 436 3549 esse
456 3502 495 3548 en
513 3482 638 3567 legibus
658 3480 782 3569 scriptis
802 3480 885 3549 reite
907 3482 1046 3559 sancires
1068 3503 1165 3569 quum
1186 3502 1290 3567 neque

112 3587 227 3654 tierent
251 3607 358 3673 neque
377 3594 543 3651 manerent
562 3580 649 3678 λόγῳ
672 3610 705 3651 τε
728 3590 784 3651 καὶ
803 3580 979 3673 γράμμασι
999 3589 1290 3673 νομοθετηθέντα

112 3696 215 3769 Nem,
243 3694 288 3757 ita
309 3690 468 3756 concludit
489 3692 652 3755 Socrates:
682 3686 875 3757 Κινδυνεύει
902 3689 982 3775 γοῦν
1003 3689 1037 3755 ἐκ
1058 3690 1117 3771 τῆς
1138 3691 1291 3769 παιδείας

114 3778 192 3863 λίποι
215 3791 259 3862 ῶν
279 3818 330 3872 τις
352 3786 495 3887 ὁρμήσῃ,
524 3794 664 3859 τοιαῦτα
681 3798 740 3861 ’καί
761 3790 804 3859 cci
826 3787 967 3880 ἑπόμενα
989 3782 1082 3861 εἶναι.
1105 3788 1126 3875 ἢ
1148 3788 1208 3860 οὐκ
1229 3794 1290 3863 οἴει

114 3894 152 3965 τὸ
182 3891 303 3986 ὅμοιον
330 3893 368 3964 ὃν
395 3887 511 3984 ὅμοιον
538 3899 739 3986 παρακαλεῖς
774 3890 919 3983 Τίμήνς
952 3897 1022 3963 Καὶ
1049 3897 1204 3965 τελευτῶν
1231 3893 1289 3980 δὴ,

115 3993 220 4085 οἶμαι,
243 4004 367 4093 φαῖμεν
387 3997 430 4067 ἂν
449 3994 496 4077 είς
517 4000 550 4065 ἔν
571 4024 604 4065 τι
625 4002 734 4066 τέλεον
754 4004 810 4066 καί
830 3995 979 4067 νεανικὸν
999 3996 1192 4087 ἀποβαίνειν
1204 3996 1288 4069 αὐτὸ

113 4101 297 4193 ἢοίμαίίὸν
317 4099 339 4187 ἢ
360 4107 418 4171 καὶ
439 4096 637 4170 τούναντίον.
685 4102 725 4169 Τί
746 4098 811 4193 γὰρ
833 4098 909 4187 οίίκς
935 4089 1010 4184 ἧδ’
1041 4094 1087 4181 dg.
1125 4099 1209 4189 Ἑγῶ
1228 4111 1289 4193 μὲν

114 4209 240 4291 τοίνυν,
267 4198 377 4288 εἶπον,
405 4205 462 4275 διὰ
482 4207 589 4273 ταῦτα
611 4200 671 4273 οὐκ
691 4201 734 4274 dc
754 4202 865 4273 ἕτιτὰ
887 4206 1027 4273 τοιαῦτα
1049 4202 1290 4297 ἐπιχειρήσαιμι

114 4316 337 4403 secedente·-
363 4304 510 4390 Εἰκότως
529 4304 569 4399 μ’,
591 4309 666 4405 ἔφη.
700 4312 919 4390 linecantem,
941 4317 977 4378 ut
995 4311 1089 4377 etiam
1109 4316 1284 4400 sequentia,
