3334 5142
833 402 1065 470 ..303-

359 558 494 638 fuerint,
518 557 558 626 ci.
578 558 647 627 Pel.
668 557 725 627 lib.
747 561 802 627 IV.
825 583 870 647 p.
883 563 957 629 eni.
978 583 1050 651 sqq.
1080 562 1132 627 ed.
1163 564 1227 641 Sta
1257 568 1434 649 postremo
1448 566 1538 648 quod

360 674 496 753 quatuor
519 663 689 731 virmmm
714 665 866 732 vitiorum
895 675 1031 754 qamtuor
1057 686 1173 751 genera
1206 666 1377 751 opposuit,
1410 661 1534 735 τοιαῦτ’

359 766 459 851 ἄττα,
491 758 607 857 οἶμαι,
638 763 787 857 φήσομεν
815 775 872 837 καί
904 768 962 852 τὴν
994 765 1118 843 τούτων
1149 766 1299 859 ταραχὴν
1325 776 1381 837 καί
1410 765 1539 851 πλάνην

359 862 443 939 εἶναι
465 868 530 953 τήν
545 896 580 939 τε
608 868 740 940 ἆδοκίαν
766 877 823 957 καὶ
851 868 1033 941 ἀκολασίαν
1061 879 1115 941 καὶ
1144 875 1268 943 δειλίαν
1294 877 1350 941 καί
1377 869 1539 962 ἀμαθίαν

359 980 414 1043 xci
435 970 624 1061 συλλήβδην
644 977 757 1044 πᾶσαν
784 975 972 1046 arenianes.
997 977 1063 1053 roi
1084 974 1141 1043 lib.
1166 980 1219 1045 IV.
1248 999 1279 1066 p.
1297 978 1371 1042 eei.
1396 980 1441 1043 St.
1468 985 1540 1044 tan-

358 1078 432 1146 dem
453 1082 539 1166 quod
560 1084 664 1156 virum
685 1084 851 1148 honestum
882 1079 1065 1167 bonumque
1093 1097 1192 1149 uuum
1212 1102 1282 1148 esre
1314 1082 1407 1159 dicit,
1441 1102 1540 1149 unam

358 1187 454 1252 etiam
481 1186 657 1270 perfectam
683 1187 856 1261 civitatem,
888 1185 1038 1255 vitiorum
1074 1206 1151 1253 rere
1185 1206 1254 1253 esse
1291 1183 1539 1252 innumerabilia

358 1308 493 1373 genera,
524 1296 662 1375 quatuor
688 1296 795 1355 autem
814 1288 960 1373 inprimis
980 1287 1130 1377 insignia,
1153 1292 1419 1375 quemadmodum
1441 1290 1540 1356 etiam

357 1401 493 1479 quatuor
519 1393 681 1459 civitatum
711 1400 931 1479 corruptarum
957 1414 1074 1479 genera
1104 1415 1181 1481 prae
1211 1396 1331 1463 ceteris.
1358 1394 1392 1459 in
1426 1393 1539 1461 oculos
1580 1444 1588 1461 .

357 1498 529 1564 incurrant
578 1496 728 1575 Quodsi
757 1498 853 1581 igitur
884 1501 961 1562 haec
992 1499 1081 1563 varia
1112 1500 1275 1564 huminum
1309 1496 1539 1582 civitatumque

356 1620 474 1687 genera
507 1600 760 1689 computaveris,
797 1603 940 1687 quinque
978 1602 1144 1669 homiuum
1181 1601 1302 1689 speeies
1340 1602 1539 1687 totidemque

356 1703 517 1772 civitatum
544 1707 756 1789 reperientur.
799 1702 847 1771 cf.
871 1704 939 1771 Pel.
963 1704 1019 1771 lib.
1043 1708 1096 1771 1v
1119 1725 1153 1793 p.
1178 1706 1251 1807 did
1273 1707 1316 1771 Si.
1361 1706 1432 1773 Καὶ
1453 1728 1539 1791 μην,

354 1794 491 1895 ἦνὸ”
475 1805 552 1894 εγὼ,
574 1800 678 1901 ὼςπερ
698 1804 765 1877 ἀπὸ
787 1809 927 1887 σκοπιᾶς
948 1834 1007 1897 μοι
1036 1810 1207 1902 φαίνεται,
1207 1801 1348 1894 ἐπειδὴ
1383 1809 1539 1877 ἐνταῦθα

356 1906 626 1999 ἀναβεβήκαμεν
647 1914 706 1980 τοῦ
743 1906 904 2000 λόγου,
897 1936 932 1981 εν
968 1920 1029 2000 μὲν
1061 1904 1144 1981 εἶναι
1178 1903 1265 1991 εἶδος
1303 1914 1363 1997 τῆς
1393 1907 1538 2001 ἀρετῆς,

358 2011 479 2103 ἄπειρα
511 2019 550 2083 δὲ
579 2016 639 2102 τῆς
666 2015 800 2096 κακίας,
833 2011 1036 2106 τίτταραὸ’
1056 2018 1100 2089 ἐν
1129 2012 1243 2094 αὐτοῖς
1271 2012 1374 2095 ίίττα,
1395 2005 1451 2083 ὧν
1482 2019 1540 2081 καὶ

337 2114 448 2200 ὀίξιον
469 2120 728 2207 ἐπιμνησθῆναι.
764 2120 851 2197 ’Πῶς
872 2119 1031 2207 λέγεις,·”
1012 2146 1087 2213 εφη.
1120 2110 1236 2200 Ὅσοι,
1256 2106 1390 2205 ηἵνὸΗ
1375 2115 1454 2205 εγὼ,
1477 2143 1540 2185 πο-

356 2222 483 2290 λιτειῶν
514 2218 634 2313 τρόποι
662 2218 743 2291 εἰσίν
775 2224 844 2305 eide]
877 2221 1018 2310 ἔχοντες,
1047 2224 1202 2291 τοσοῦτοι
1229 2217 1451 2293 κινδυνεύουσι
1480 2227 1539 2289 καί

356 2327 470 2419 ψυχῆς
491 2316 725 2416 τρόποοεῖναι.
766 2322 879 2394 Πόσοι
901 2322 942 2413 δη
950 2356 960 2408 5
989 2330 1094 2397 Πέντε
1114 2334 1192 2412 μὲν,
1221 2314 1260 2408 ἦν
1281 2322 1314 2394 δ’
1338 2322 1416 2413 ἐγὼ,
1441 2328 1539 2415 πολι-

356 2430 466 2509 τειῶν,
486 2433 579 2497 πέντε
594 2432 630 2497 δὲ
643 2430 764 2522 ψυχῆς.
808 2431 900 2508 Qued
916 2430 943 2497 si
955 2432 1092 2516 deniqne
1103 2430 1200 2497 enimi
1212 2430 1343 2497 humani
1353 2437 1461 2517 partes
1474 2450 1539 2495 neu

355 2530 440 2599 bene
452 2532 612 2600 ordinatae
630 2540 887 2619 temperataeque
901 2533 1034 2609 fuerint,
1056 2555 1182 2603 omnem
1196 2535 1292 2603 vitam
1307 2535 1447 2602 omnium
1462 2554 1537 2619 per·

356 2636 593 2704 veruunrmac
628 2637 1152 2725 cr.r01.nn.1v.p.ccaeu.st.
1184 2639 1257 2705 Kar
1272 2633 1378 2708 τούτω
1394 2634 1435 2724 οη
1451 2627 1537 2705 οὕτω

359 2744 522 2833 τραφέντε
533 2744 589 2807 καί
601 2734 643 2831 ᾡς
650 2736 839 2823 ἄληθῶςτὰ
849 2736 957 2831 αὐτῶν
964 2737 1118 2827 μαθόντε
1127 2745 1182 2809 καί
1189 2744 1408 2809 παιδευθέντε
1415 2736 1539 2832 προςή-

357 2868 453 2913 ceren
475 2846 534 2911 τοῦ
556 2845 819 2932 ἐπιθυμητικοῦ,
844 2838 863 2910 ίί
884 2840 924 2931 dr}
947 2846 1160 2931 πλεῖςοντῆς
1173 2845 1285 2939 ψυχῆς
1300 2846 1333 2913 ἐν
1347 2839 1451 2938 ἑκάςῳ
1467 2846 1535 2911 ἐστὶ

356 2952 412 3015 καὶ
436 2942 614 3039 χρημάτων
643 2942 742 3040 φύσει
770 2942 1065 3030 οίπληςὸτατονᾙ1
1046 2975 1066 3016 ο
1086 2944 1281 3067 τηρήσετον,
1309 2978 1355 3039 μη
1387 2949 1432 3041 τῷ
1451 2948 1538 3069 ³-erc'pc

357 3054 518 3119 πλασθαι
539 3052 603 3118 τῶν
613 3056 695 3146 περὶ
717 3047 757 3117 τὸ
778 3052 873 3170 σῶμα
895 3054 1102 3139 καλουμένων
1122 3046 1249 3136 ἡδονῶν
1270 3050 1352 3119 πολι
1373 3058 1430 3119 καί
1445 3047 1537 3138 ἰσχυ-

358 3152 419 3242 ρὸν
438 3150 611 3241 γενόμενον
625 3151 685 3222 οὐκ
700 3180 743 3221 αυ
760 3180 801 3222 τα
816 3148 921 3223 αὑτοῦ
935 3151 1080 3250 πράττη,
1102 3150 1189 3223 ἀλλὰ
1206 3149 1539 3229 καταδουλώσασθαι

357 3254 464 3325 καὶ
440 3284 552 3350 αρχειν
579 3255 766 3353 ἐπιχεορήση
793 3247 836 3325 ὧν
864 3254 902 3326 οὐ
935 3282 1100 3351 προςηκον
1125 3254 1215 3352 αὐτῷ
1243 3262 1341 3357 μένα,
1372 3264 1429 3327 καὶ
1459 3253 1539 3345 ξύμ-

359 3386 469 3432 παντα
490 3360 549 3431 τὸν
567 3363 643 3450 βίον
662 3386 793 3431 παντων
813 3358 997 3457 ἀνατρέψῃ.
1200 3380 1202 3387 ’

365 3637 607 3760 Οολίίμυκίυκ
634 3661 759 3716 umnec
785 3634 1032 3738 Reipublicae
1054 3639 1128 3713 loci
1154 3638 1287 3739 quibua
1303 3602 1420 3715 Prae
1441 3663 1537 3715 ecc-

430 3772 515 3849 βοαί
528 3795 656 3866 κατα,
648 3771 695 3906 de
715 3795 801 3871 que
813 3773 874 3845 laic
898 3773 1047 3872 dcitur,
1070 3771 1224 3871 planiae
1248 3778 1457 3913 μουμοευίί.

449 3990 512 4054 Sed
533 4004 575 4053 ne
595 4004 679 4052 nunc
699 3983 826 4070 quidem
848 3985 925 4050 ad
915 4006 1014 4073 ipsam
1036 3984 1116 4061 loci
1143 3988 1187 4051 de
1208 4007 1271 4073 quo
1292 3985 1410 4071 agitur,
1435 3986 1536 4073 expli·

359 4094 532 4159 scarionem
549 4093 699 4161 accedere
724 4089 808 4157 licet.
853 4092 1036 4157 Necessarie
1065 4094 1149 4157 enim
1178 4094 1338 4175 sequenda
1366 4096 1414 4155 eet
1441 4091 1540 4157 iuter·

367 4206 492 4281 paetum
513 4193 724 4270 cousuetudo,
747 4193 801 4279 qui
822 4214 1026 4281 quaecuuque
1046 4193 1185 4260 difficilia
1205 4194 1364 4295 intellectu
1384 4193 1461 4275 siut,
1485 4197 1541 4260 ad·-

368 4301 488 4371 vocetie
512 4302 547 4366 iu
572 4298 725 4367 cundiam
751 4298 821 4365 aliis
850 4297 929 4367 locis
959 4297 1152 4367 sandonibus
1179 4298 1337 4385 explicare
1370 4306 1538 4368 cenentur.
