3334 5142
852 437 1081 500 -326..

380 603 459 671 Nan
480 591 626 686 ἀριθμοὶ
646 589 713 661 ἀπὸ
736 596 918 683 διαμέτρων
938 587 1090 679 ἀῤῥήτων
1118 587 1288 676 πεμπάδος
1311 600 1384 658 sunt
1407 597 1562 677 petisque·

379 703 512 786 pertarir'5
535 696 650 783 quibus
668 700 695 762 si
716 697 848 781 singulis
862 701 926 763 duo
941 693 1083 770 auferas,
1109 695 1187 761 item
1207 697 1565 781 dandean'npuapenerii

379 807 546 890 prodeunt.
591 805 702 886 ltaque
723 797 845 866 verbis:
869 795 986 866 ἑκατόν
1000 795 1159 888 ἀριθμῶν
1173 794 1240 866 ἀπὸ
1252 801 1440 889 διαμέτρων
1456 801 1565 887 ῥητῶν

379 902 549 994 πεμπάδος
570 907 728 992 δεομένων
754 899 826 982 ἑνός
853 896 1012 982 ἑκάστων,
1039 896 1191 992 ἀρρήτων
1219 903 1254 968 δὲ
1283 905 1373 969 δυεῖν
1400 902 1564 968 indicatur

379 1030 529 1077 numeras

379 1117 458 1178 Nam
482 1115 543 1176 100
568 1118 602 1186 ><
627 1113 668 1174 48
689 1134 731 1168 =
751 1111 846 1174 4800.
892 1110 950 1176 His
979 1109 1005 1173 si
1028 1111 1182 1173 addantur
1209 1105 1325 1174 ἑκατόν
1622 1178 1623 1196 2

381 1207 477 1300 κάβοι
498 1209 647 1301 τριάδος,
669 1237 710 1272 =
731 1213 822 1278 3³:
839 1215 932 1288 27><
953 1215 1069 1276 100:
1115 1260 1122 1274 .
1213 1259 1220 1274 .
1311 1261 1317 1274 .
1409 1213 1498 1274 2700

1353 1321 1560 1330 *ᾑ-

381 1364 456 1422 tnnc
478 1355 670 1420 lucrabimur
692 1373 857 1418 numerum
876 1351 1007 1416 alterius
1028 1349 1213 1416 harmoniae
1314 1401 1321 1416 .
1412 1355 1500 1417 7500

380 1479 476 1522 unum
496 1457 578 1522 latus
599 1476 764 1521 commune
777 1458 945 1519 habentem
966 1474 1036 1518 cum
1056 1456 1165 1540 priore
1182 1453 1364 1530 harmonia,
1391 1475 1557 1521 numerum

379 1559 605 1626 centenarium.
629 1604 669 1615 -
691 1560 796 1625 Verba
816 1552 943 1644 ξύμπας
965 1559 1000 1622 δὲ
1023 1546 1119 1634 οὗτος
1145 1552 1297 1650 ἀριθμός
1323 1554 1555 1646 γεωμετρικός,
1597 1613 1601 1624 .

379 1658 532 1730 τοιούτου
554 1657 667 1751 κύριος
674 1706 683 1738 ,
714 1657 893 1748 ἀμεινόνων
913 1686 946 1727 τε
973 1665 1029 1727 καὶ
1052 1653 1207 1751 χειρόνων
1228 1663 1398 1746 γενέσεων,
1431 1670 1555 1746 postea

379 1787 459 1851 quae
481 1773 573 1832 antea
597 1763 732 1831 diximus
754 1763 905 1849 explicari
933 1762 1023 1829 facile
1045 1770 1185 1849 possunt.
1228 1765 1340 1828 Debent
1369 1785 1405 1827 εο
1430 1766 1554 1845 ιἰιτεῑὶἱρι·

377 1871 412 1934 de
437 1872 607 1952 sactorum,
640 1890 715 1953 puer
741 1890 836 1952 supra
867 1870 1103 1944 nominavimus,
1132 1869 1257 1950 repetita
1285 1869 1549 1950 multiplicatione,

380 1970 432 2054 (cf.
458 1971 629 2036 Schneider
649 1971 671 2036 I.
694 1969 716 2036 l.
739 1992 770 2056 p.
796 1972 957 2050 XXVIII.)
979 1991 1101 2054 ιοοιμιι
1122 1991 1186 2034 rem
1212 1989 1336 2034 cansam
1358 1991 1421 2034 esec
1443 1972 1551 2034 Indice

379 2084 432 2138 tur
450 2078 606 2158 utriusque
626 2076 815 2149 hannoniae,
836 2077 897 2148 sice
911 2067 1088 2160 ἀμεινόνων
1103 2097 1136 2138 τε
1152 2077 1206 2138 καὶ
1216 2065 1373 2161 χειρόνων
1387 2076 1554 2157 γενέσεων,
1622 2149 1623 2160 ρ

378 2199 399 2242 ο
419 2180 525 2262 peribas
552 2166 698 2242 denarum
728 2179 935 2260 malarumque
965 2178 1121 2240 cicitatum
1153 2177 1239 2261 eripe
1272 2177 1429 2258 repetitur.
1476 2179 1552 2239 Nam

378 2290 467 2346 recte
495 2279 575 2345 vidit
604 2279 910 2345 Schleiermacherus
939 2301 974 2361 p.
1005 2277 1122 2344 5801.
1153 2283 1234 2342 extr.
1266 2286 1297 2341 et
1317 2298 1348 2363 p.
1370 2281 1445 2342 593.
1469 2277 1493 2342 I.
1523 2281 1553 2340 5.
1622 2328 1623 2389 p

379 2380 476 2454 rerba
505 2377 633 2468 ξύμπας
654 2385 689 2448 δὲ
712 2372 810 2458 οὗτος
836 2376 989 2472 ἀριθμός
1017 2377 1232 2470 γεωμετρικός
1257 2381 1417 2463 pertinere
1447 2379 1489 2445 ad
1517 2400 1550 2443 ea

380 2487 485 2552 omnia
507 2506 588 2570 quae
609 2487 714 2550 indae
731 2483 838 2552 verbis
870 2479 1068 2574 ἀνθρωπείῳ
1099 2486 1133 2549 δὲ
1162 2485 1225 2550 huc
1245 2504 1345 2570 usque
1380 2484 1551 2548 dictasint.
1622 2550 1623 2585 p

830 2701 1087 2716 —ffl-

842 2857 1092 2959 Epimetrnrn.
1622 2926 1623 2972 p

464 3047 559 3123 Quod
586 3051 680 3108 antee
707 3066 740 3127 p.
775 3045 846 3109 ttt.
877 3053 943 3111 not.
973 3044 1012 3111 de
1039 3045 1175 3110 lectione
1203 3047 1318 3110 codicis
1348 3046 1486 3108 ParIeIni
1517 3051 1550 3108 Α.

379 3147 587 3223 centesimus,
609 3147 642 3211 id
663 3167 746 3212 nunc
767 3146 866 3230 ipsius
888 3148 1005 3213 codicis
1026 3151 1206 3213 testimonio
1227 3146 1414 3213 mirabiliter
1443 3143 1549 3212 confir-

379 3260 494 3317 matur.
538 3254 619 3316 Eum
641 3252 670 3314 C.
695 3253 847 3332 Kearpfias
867 3251 1096 3328 Berolinensis,
1123 3261 1252 3335 rogatus
1273 3271 1291 3315 e
1312 3249 1419 3322 nobis,
1458 3270 1570 3333 quum.

378 3353 506 3420 Parisiis
522 3363 624 3428 esset,
648 3373 712 3419 non
728 3356 830 3418 solum
845 3354 997 3440 inspexit,
1020 3353 1076 3420 sed
1098 3357 1205 3419 charta
1227 3354 1299 3422 cleo
1314 3351 1431 3417 infecta
1447 3373 1555 3436 supcr-

379 3456 526 3543 imposita
548 3467 691 3523 accurate
714 3457 890 3544 exscripsit.
936 3461 1003 3522 Hae
1024 3456 1233 3542 descriptione
1256 3464 1287 3522 et
1318 3455 1456 3540 imagine
1470 3488 1473 3495 ,
1487 3457 1554 3518 lite·

377 3581 487 3627 rarnm
517 3563 579 3626 tria
611 3560 703 3625 simul
733 3569 916 3646 patescunt:
950 3563 1087 3646 prImum
1121 3563 1152 3639 1)
1183 3559 1356 3625 variantem
1388 3558 1553 3623 lectionem
1622 3586 1623 3646 p

378 3664 533 3750 appictam
554 3683 624 3728 esse
647 3666 677 3728 ei
698 3663 824 3736 versui,
847 3666 879 3728 in
903 3685 967 3747 quo
988 3662 1179 3729 vccabulum
1201 3666 1379 3754 φαίνονται
1406 3663 1553 3745 scriptum

378 3774 497 3840 exstat,
519 3767 612 3851 eique
641 3764 794 3832 vocabulo
819 3767 882 3850 ipsi
909 3776 1058 3852 punctum
1085 3766 1381 3849 superimpositum,
1411 3769 1465 3844 (de
1495 3787 1553 3849 qua

377 3889 415 3935 re
436 3868 476 3934 cf.
497 3870 594 3934 Bastii
608 3877 777 3934 comment.
795 3869 954 3954 palaeogr.
972 3892 1005 3953 p.
1023 3869 1111 3953 855.)
1126 3873 1158 3934 id
1173 3869 1349 3954 neglexisse
1362 3868 1550 3942 Betilienum,

378 3993 454 4038 vere
474 3977 600 4037 tradere
620 3975 806 4048 Faehsinm3
828 3976 967 4038 secundo
989 3972 1019 4057 2)
1036 3973 1208 4038 variantem
1222 3972 1390 4038 lectionem
1406 3993 1476 4036 esse
1492 3991 1551 4036 non

380 4079 547 4160 λέγονται,
570 4075 655 4160 quod
677 4075 825 4140 Feehsius
845 4075 925 4140 false
948 4079 1089 4148 tradidit,
1112 4079 1167 4140 sed
1190 4079 1354 4160 λέγοντες,
1377 4075 1462 4160 quod
1478 4078 1552 4139 Bek-

378 4179 462 4256 keri,
484 4178 545 4244 riri
558 4179 592 4242 in
606 4179 748 4264 legendis
762 4177 853 4243 codd.
875 4199 949 4243 mss.
974 4177 1245 4254 exercitatIssimi‚
1269 4181 1455 4244 auctoritate
1478 4197 1551 4240 con·
1622 4265 1623 4268 Ἴ

379 4276 509 4358 εεεόεῖ,
527 4285 621 4347 tertio
633 4285 669 4359 3)
690 4289 778 4346 recte
806 4281 952 4348 retulisse
983 4285 1163 4347 Bekkerum
1192 4281 1362 4348 variantem
1391 4280 1550 4346 lectionem
