3334 5142
862 402 1091 468 -178-

385 560 683 647 ναῦς-μιγνυμένων
709 556 767 627 τόν
796 555 839 638 ῶς
868 556 1012 642 ἀληθῶς
1034 556 1265 646 κυβερνητικὸν
1286 557 1346 649 οὐχ
1368 556 1434 655 ήχῇ
1456 556 1499 627 ῶν
1522 560 1566 651 τῶ

390 661 461 735 ὄντι
481 657 748 752 μετεωροσκόπον
779 686 812 729 τε
839 670 894 729 καὶ
921 660 1100 751 ἀδολέσχην
1122 670 1177 731 καὶ
1199 658 1485 753 ἀχρηστόνσφισι
1507 688 1567 728 κα-

387 761 572 836 λεῖσθαι
557 763 621 833 υπὸ
650 767 712 833 τῶν
741 768 774 833 ἐν
802 762 875 844 ταῖς
902 758 987 833 o6coo
1016 772 1332 854 κατεσκευασμέναις
1359 773 1476 835 ναυσὶ
1472 770 1568 833 πλω·

387 866 513 960 τήρωνς
540 870 610 936 Καὶ
637 865 796 959 μόλα,”
778 896 842 962 εφη
879 866 898 936 6
926 866 1149 992 Αδείμαντος
1192 868 1239 939 06
1275 870 1331 954 66,
1364 859 1405 954 ἦν
1432 866 1511 937 6²6
1510 866 1567 955 76,

386 975 482 1094 οίμμι
504 974 642 1040 δεῖσθαί
663 998 699 1040 σε
720 972 1001 1060 ἐξεταζομένην
968 998 1026 1056 την
1041 970 1157 1041 εἰκόνα
1179 967 1310 1055 ι’ὃεῖν,“
1291 1000 1342 1041 οτι
1365 1000 1439 1053 ταις
1450 969 1568 1040 πολεσι

387 1074 472 1165 πρὸς
498 1074 575 1155 τούς
604 1074 790 1158 ἀληθινούς
810 1073 1028 1170 φιλοσόφους
1056 1075 1115 1160 τήν
1144 1074 1350 1146 ὃιάθεσιν”
1332 1102 1449 1158 εοικεν,
1480 1072 1569 1143 ἀλλά

386 1176 575 1267 μανθάνειν
596 1175 617 1247 ό
638 1185 730 1266 λέγω.
773 1184 843 1248 Καὶ
868 1177 954 1269 μάλ’,
989 1182 1065 1264 ἔφη.
1107 1183 1253 1267 ,Πρῶτον
1273 1190 1333 1269 μέν
1355 1182 1465 1249 τοίνυν
1489 1182 1569 1246 ἐκεῖ-

386 1306 444 1351 νον
464 1281 522 1351 τὸν
544 1280 822 1371 θαυμάζοντα,(
812 1277 865 1352 ότι
894 1289 925 1351 οἱ
954 1280 1139 1377 φιλόσοφοι
1167 1280 1205 1352 ού
1239 1286 1402 1373 τιμῶνται
1430 1287 1464 1352 ἐν
1494 1289 1569 1361 ταῖς

385 1383 520 1469 πόλεσι,
550 1384 683 1455 δίδασκέ
711 1412 744 1455 τε
773 1386 832 1469 τήν
855 1384 963 1455 εικὸνα
986 1394 1041 1455 καὶ
1062 1414 1163 1479 πτερω
1146 1380 1364 1470 πείθειν,“
1346 1404 1398 1456 οτι
1419 1384 1551 1455 now
1528 1412 1569 1454 αν

386 1488 680 1578 θαυμαστότερον
690 1476 740 1574 ἦν,
763 1488 794 1559 εἰ
810 1494 978 1613 ἐτιμῶντο.
1017 1488 1123 1573 Ἀλλὰ
1145 1488 1321 1573 διδόξωᾎ
1303 1518 1377 1583 εφη.
1422 1482 1536 1558 Koe6'
1516 1515 1569 1557 occ

386 1597 496 1662 τοίνυν
512 1591 648 1677 τάληθή
663 1592 818 1681 λέχεις,“
798 1622 841 1674 ως
856 1592 1015 1685 ἄχρηστοι
1038 1600 1106 1674 τοῖς
1127 1600 1312 1675 πολλοῑς“
1283 1622 1314 1662 οι
1332 1598 1569 1663 ἐπιεικέστατοι

387 1700 460 1766 τῶν
477 1701 515 1766 4ἐν
547 1700 744 1792 φιλοσοφίᾳ·
778 1701 836 1780 τής
862 1704 972 1785 μέντοι
1002 1695 1180 1788 ἀχρηστίας
1211 1697 1287 1779 τοὺς
1314 1698 1359 1787 μὴ
1379 1703 1570 1788 χρωμένους

387 1806 494 1873 κε’λευε
523 1800 725 1882 αἰτιᾶσθαι,
753 1798 839 1873 ἀλλά
860 1799 906 1889 μή
930 1799 1005 1881 τούς
1032 1806 1187 1882 ἐπιεικεῖς.
1217 1800 1255 1869 06
1283 1800 1348 1893 χάρ
1375 1804 1440 1891 ἔχει
1466 1798 1570 1895 φύσιν

386 1909 585 1995 κυβερνήτην
612 1907 739 1974 ναυτῶν
767 1908 907 1973 δεῖσθαι
939 1903 1108 1995 ἄρχεσθαι
1137 1902 1192 1998 ὑφ’
1228 1902 1347 1988 αὑτοῦ,
1385 1903 1462 1973 οὐδὲ
1492 1903 1570 1983 τούς

387 2008 516 2098 σοφούς
538 2013 587 2077 ἐπὶ
610 2008 669 2088 τὰς
690 2011 754 2079 τῶν
775 2012 939 2077 πλουσίων
967 2006 1121 2097 θύρας
1107 2014 1205 2090 ιέναι,
1228 2006 1339 2077 ἀλλΗ
1323 2012 1465 2077 οτούτο
1489 2036 1569 2097 κομ-

387 2109 594 2201 ψευσάμενος
616 2108 800 2207 ἐψεύσατο,
823 2110 862 2179 τὸ
885 2116 919 2181 δέ
905 2110 1073 2195 ἐάληθὲς
1094 2118 1246 2243 πέφυκεν,
1274 2110 1331 2181 ε’ἀν
1352 2138 1386 2182 τε
1408 2110 1570 2191 πλούσιος

388 2211 446 2285 ἐοίν
467 2238 501 2283 τε
523 2219 620 2298 πένης
641 2212 766 2312 κόμνη,
797 2212 979 2303 ἀναγκαῖον
1006 2218 1089 2283 είναι
1112 2219 1162 2283 ἐπὶ
1186 2213 1307 2307 ἰατρῶν
1328 2212 1484 2307 θύρας
1468 2220 1569 2297 ιέναι,

387 2327 443 2388 καὶ
468 2315 577 2389 πάντα
608 2316 666 2387 τὸν
693 2318 861 2411 ἄρχεσθαι
885 2316 1038 2408 δεόμενον
1059 2322 1110 2387 ἐπὶ
1131 2317 1191 2399 τὰς
1212 2322 1272 2387 τοῦ
1294 2318 1406 2409 ἄρχειν
1428 2322 1570 2409 δυναμέ-

387 2448 463 2505 νου,
491 2418 529 2490 o6
542 2420 608 2490 τόν
630 2420 776 2511 ἄρχοντα
798 2427 937 2491 δεῖσθαι
959 2426 1022 2491 τῶν
1042 2422 1228 2543 ἀρχομένων
1250 2420 1437 2513 ἄρχεσθαι,
1466 2415 1507 2493 06
1530 2420 1570 2491 ἀν

388 2530 428 2623 τή
456 2523 604 2619 ἀληθεία
632 2550 664 2593 τι
693 2523 814 2617 ὄφελος
840 2514 877 2621 6.
906 2522 991 2595 ἀλλά
1019 2526 1095 2606 τούς
1116 2529 1173 2595 νῦν
1194 2524 1427 2606 πολιτικούς”
1404 2552 1570 2625 αρχοντας

388 2602 628 2753 ἀπεικάζφν
590 2655 641 2709 οις
663 2626 738 2719 ἀρτι
760 2633 911 2717 ἐλέγομεν
938 2626 1077 2723 ναύταις
1098 2628 1157 2719 οὐχ
1178 2626 1388 2722 ἁμαρτήσει,
1412 2638 1469 2698 καὶ
1491 2629 1570 2710 τούς

387 2730 452 2802 ύπό
480 2731 605 2802 τούτων
634 2728 819 2821 ἀχρήστους
850 2738 1043 2821 λεγομένους
1069 2741 1124 2801 καὶ
1151 2738 1412 2826 μετεωρολέσχας
1433 2740 1504 2813 τοῖς
1527 2731 1570 2813 ῶς

390 2834 530 2919 ἀληθῶς
559 2832 785 2924 κυβερνήταις.
834 2832 1048 2926 Ὀρθότατα,
1078 2838 1151 2933 ἔφη.
1203 2837 1248 2903 Gi.
1279 2859 1311 2925 p.
1338 2840 1486 2915 ism-n.
1513 2843 1566 2904 St.

389 2945 478 3009 Hanc
505 2962 631 3007 omnem
652 2940 870 3028 philosophiae
892 2962 987 3008 verae
1010 2940 1240 3016 defensionem,
1269 2946 1313 3007 ita
1333 2940 1446 3007 inciam
1469 2950 1506 3007 ολ
1528 2966 1567 3007 ex

388 3044 550 3133 perversis
579 3044 738 3111 civitatum
768 3044 911 3110 moribus
941 3044 1091 3112 doceatur
1118 3066 1175 3115 our
1201 3040 1286 3112 utilis
1299 3066 1377 3111 non
1404 3046 1460 3124 sit,
1495 3045 1568 3113 ideo

389 3149 508 3215 institui
529 3148 691 3225 videmus,
714 3151 856 3232 quoniam
877 3152 956 3214 alios
976 3152 1128 3215 concidere
1148 3154 1261 3214 neccsse
1280 3151 1342 3233 [uit
1361 3152 1439 3214 illud
1459 3146 1567 3239 παρά-

391 3252 504 3333 δοξον,
530 3272 588 3337 quo
611 3255 800 3336 philosophis
825 3256 982 3317 civitatum
1002 3256 1161 3337 impostum
1182 3244 1358 3317 tradendum
1378 3274 1440 3319 csse
1462 3257 1569 3319 ocissi-

390 3365 535 3421 ωουιιοι.
593 3360 671 3423 Nam
702 3360 793 3421 duxit
822 3354 899 3421 haec
931 3356 1033 3421 omnis
1065 3355 1203 3422 Socratis
1235 3356 1403 3443 disputatio
1436 3378 1502 3479 en
1512 3362 1569 3423 hnc

392 3459 562 3527 Glauconis
583 3461 848 3546 reprehensione.
882 3461 974 3537 Πῶς
996 3446 1066 3527 οὗν
1088 3446 1128 3526 e6
1153 3459 1233 3547 ἔχει
1256 3452 1454 3547 λέχειν,“
1434 3486 1502 3527 οτι
1524 3457 1567 3527 06

392 3558 603 3690 πρότερον
635 3564 771 3629 κακῶν
801 3557 1036 3630 παύσονται
1066 3567 1106 3640 αἱ
1135 3560 1294 3643 πόλεις,
1326 3570 1423 3654 πρὶν
1453 3561 1502 3632 ἀν
1531 3567 1569 3631 ἐν

393 3664 544 3743 αὐταῖς
565 3670 603 3733 οἱ
624 3662 871 3787 φιλόσοφοι
892 3662 1087 3757 ἄρξωσιν,
1117 3661 1190 3745 οίίς
1215 3662 1460 3758 ἀχρήστους
1479 3663 1569 3756 ὁμο·

394 3771 599 3855 λοχοῦμεν
627 3764 776 3847 αὐταῖς
805 3772 923 3836 εἰναι.
965 3768 1013 3835 dd
1044 3770 1076 3835 id
1108 3791 1189 3836 vero
1221 3774 1307 3856 quod
1338 3774 1570 3857 interrogatum

395 3882 473 3949 orat,
496 3871 606 3938 fierine
627 3875 739 3956 possit,
762 3881 798 3938 ut
818 3870 997 3961 philosophi
1020 3873 1112 3941 simul
1128 3895 1237 3951 rernm
1251 3882 1394 3940 naturam
1409 3876 1569 3960 cognitam

395 3979 532 4042 habeant
557 3996 698 4060 nemque
728 3976 858 4070 sommia
886 3976 1118 4063 praesidinm,
1149 3978 1242 4045 simul
1262 3986 1367 4044 tamen
1388 3997 1450 4045 nec
1469 3996 1570 4064 expe·

393 4078 508 4145 nientio
529 4100 588 4145 neo
615 4079 745 4164 reliquis
772 4079 941 4147 virtutibus
970 4084 1085 4147 ceteris
1111 4080 1246 4159 cedant,
1266 4118 1309 4133 -
1338 4104 1448 4171 quem·
1464 4083 1571 4171 ipsum

395 4202 576 4249 sermonem
608 4204 667 4251 nos
698 4181 739 4248 ab
755 4204 806 4248 ea
833 4183 1153 4270 disputatione‘quae
1181 4188 1214 4251 in
1242 4186 1359 4253 iustitia
1374 4196 1570 4255 nemarcos

396 4285 533 4364 alienum
554 4306 624 4354 esse
645 4287 709 4355 iam
730 4294 824 4357 entes
842 4287 1023 4368 docuimus,
1043 4322 1085 4341 -
1106 4293 1184 4357 haec
1204 4296 1380 4360 necessario
1399 4310 1465 4361 non
1486 4300 1569 4373 sunt,
