3334 5142
866 418 1095 489 -m-

390 586 451 653 καί
472 582 604 676 σοφίας,
627 575 848 651 δῖειαστσν”
814 604 872 665 ειη.
913 578 973 665 M6
987 576 1051 668 γάρ
1063 574 1280 671 μνημονεύων,
1301 580 1375 675 ἔφη,
1398 577 1443 647 τίκ
1463 576 1564 649 λοιπά

396 686 438 756 ἀν
458 689 526 771 εἴην
546 688 672 765 δίκαιος
691 683 737 774 μέγ
758 681 912 753 ἀκούειν·
932 672 986 805 H
1002 690 1056 751 καί
1078 682 1116 751 τὸ
1138 685 1333 806 προρρηθὲν
1355 679 1481 768 αύτῶνς
1517 682 1565 751 Τὸ

395 796 491 860 ποῖον
511 785 570 872 663
593 785 765 877 Ἐλέγσμέν
784 814 860 867 που,
883 780 933 857 ’σ’τι
956 783 998 868 ὡς
1011 796 1071 876 μέν
1091 775 1263 885 δυνατὸν
1246 812 1285 870 ην
1299 783 1461 855 κάλλιστα
1476 782 1565 855 αὐτά

394 887 552 968 κατιδεῖν,
581 890 665 975 άλλη
686 896 874 984 μακροτέρα
896 894 943 975 εἴη
964 894 1129 982 περίοδος,
1159 886 1199 974 ἣν
1224 887 1437 983 περιελθόντι
1459 916 1566 957 κατα-

395 998 487 1093 φανῆ
512 998 672 1084 γίγνοιτο,
700 998 764 1063 τῶν
790 999 901 1084 μέντοι
929 995 1120 1114 ἔμπροσθεν
1145 997 1384 1085 προειρημένων
1405 996 1566 1081 ἑπομένας

394 1094 629 1183 ἀποδείξεις
593 1095 703 1168 στάντ’
720 1101 768 1181 εἴη
783 1095 969 1218 προσάφαι.
1009 1100 1083 1165 Καὶ
1099 1084 1190 1184 ύμεῖς
1211 1098 1393 1186 ἐξαρκεῖν
1370 1124 1487 1191 εφατε,
1509 1105 1566 1166 καί

395 1196 481 1273 ου’τω
503 1200 543 1287 66
565 1200 697 1325 ἐρ’ῥήθη
718 1201 761 1270 τά
781 1196 855 1270 τότε
870 1204 937 1284 τῆς
954 1209 1015 1291 μέν
1036 1196 1218 1288 ἀκριβείας,
1245 1197 1287 1281 63
1306 1204 1379 1290 ἐμοὶ
1401 1203 1567 1324 ἐφαίνετο,

395 1308 527 1390 έλλιπῆ,
556 1314 640 1374 ειέ
577 1304 640 1375 ’δέ
661 1301 738 1395 ύμῖν
758 1300 977 1399 ἀρεσκόντως,
1006 1301 1096 1394 ὑμεῖς
1117 1302 1158 1373 ἀν
1179 1306 1276 1373 τοῦτο
1298 1304 1431 1373 εἴποιτε.
1472 1302 1563 1373 Ἀλλ’

396 1412 515 1501 ἔμοιγε,
520 1411 611 1535 ἔφη,
631 1412 783 1539 μετρίως·
810 1411 962 1502 ἐφαίνετο
982 1406 1048 1498 μὴν
1068 1414 1124 1477 καί
1144 1414 1215 1489 τοῖς
1235 1406 1358 1487 ἀλλοις.
1396 1397 1565 1489 Ἀλλ’,
1541 1436 1567 1477 ω

395 1502 535 1611 φίλε,
515 1539 555 1595 ην
582 1510 661 1581 δ
644 1511 721 1601 εγώ,
747 1517 866 1636 μέτρομ
895 1514 957 1581 τῶν
981 1508 1140 1581 τοιούτων
1168 1509 1346 1581 ἀπολεῖπον
1371 1519 1442 1581 καί·
1452 1511 1568 1583 ὁτιοῦν

393 1621 453 1687 τοῦ
475 1615 570 1697 ὄντος
591 1613 630 1686 06
650 1613 737 1686 πάνυ
757 1618 894 1708 μετρίως
914 1618 1069 1717 γίγνεται·
1098 1612 1209 1696 ἀτελὲς
1229 1614 1293 1709 γάρ
1316 1613 1410 1685 οὐδέν
1433 1612 1568 1696 οὐδενὸς

393 1726 529 1848 μέτρον.
555 1724 647 1789 δοκεῖ
670 1718 703 1789 δ’
734 1723 836 1788 ἐνίοτέ
860 1744 946 1788 τισιν
975 1720 1090 1799 ἱκανῶς
1116 1717 1218 1803 666’‘
1201 1744 1283 1809 εχειν
1302 1726 1358 1787 καί
1378 1720 1477 1789 ου’δέν
1499 1724 1569 1788 δεῖν

394 1828 574 1916 περαιτέρω
596 1827 712 1908 ζητεῖν.
744 1826 826 1892 Καὶ
847 1820 940 1910 μάλ,
962 1823 1042 1916 ἔφη,
1065 1830 1176 1913 συχνοὶ
1196 1820 1379 1913 πάσχουσιν
1401 1820 1485 1893 αὐτὸ
1509 1821 1569 1891 διά

395 1931 584 2023 ῥαθυμίαν.
632 1924 760 1997 Τούτου
783 1930 819 1995 δέ
838 1952 890 2015 γε,
917 1914 1051 2009 ίηνδΗ
1035 1924 1112 2013 εγὼ,
1136 1928 1194 1994 τοῦ
1215 1920 1467 2016 παθήματος“’
1444 1952 1568 2011 ηκιστα

393 2036 534 2125 προσδεῖ
558 2028 684 2125 φύλακι
712 2028 836 2111 πόλεως
859 2054 891 2098 τε
913 2035 968 2097 καί
988 2026 1105 2119 νόμων.
1147 2027 1259 2110 Εικὸς,
1288 2018 1369 2113 66³
1402 2024 1448 2152 6'3.
1497 2029 1569 2114 Τὴν

393 2141 603 2230 μακροτέραν
622 2137 741 2216 τοίνυν,
758 2122 788 2202 6
812 2138 937 2224 ἑταῖρε,
960 2133 1059 2227 ἔφην,
1080 2138 1240 2223 περιιτέον
1261 2136 1306 2228 τῷ
1327 2132 1486 2230 τοιούτῳ,
1510 2144 1569 2204 καὶ

395 2237 456 2331 ούχ
483 2231 583 2323 ἧττον
607 2233 821 2326 μανθάνοντι
841 2240 1015 2320 πονητέον,
1042 2206 1330 2356 ἢγυμναζομωφ·
1360 2233 1503 2323 ἢῖίνῦν
1527 2238 1568 2323 δὴ

394 2346 559 2432 ἐλέγομεν,
585 2342 646 2410 τοῦ
669 2342 825 2430 μεγίστου
846 2364 880 2408 τε
901 2346 956 2407 καί
977 2334 1123 2428 μάλιστα
1143 2336 1368 2428 προσήκοντος
1392 2340 1568 2431 ’μαθήμα-

395 2473 451 2527 τος
473 2448 525 2515 ἐπί
545 2450 636 2526 τέλος
657 2443 775 2513 ούπστε
796 2437 872 2527 ἥξει.
919 2439 964 2513 06
979 2440 1043 2536 γάρ
1065 2446 1204 2526 ταῦτα,·“
1217 2444 1290 2537 ἔφη,
1311 2450 1470 2534 μέγιστα,
1493 2437 1565 2516 ἀλλ’

393 2550 441 2621 ἔτι
467 2546 503 2619 ’τι
529 2550 640 2639 μεῖζον
665 2544 875 2631 δικαιοσύνης
903 2574 937 2616 τε
965 2554 1020 2616 καί
1049 2539 1091 2615 ὧν
1113 2544 1314 2633 διήλθομενς
1347 2553 1417 2619 Καὶ
1436 2556 1567 2641 μεῖζον,

394 2643 436 2739 ἦν
456 2650 489 2723 δ’
514 2652 593 2743 ἐγὼ,
623 2658 688 2721 καὶ
710 2648 847 2721 αάτῶν
869 2648 1022 2721 τούτων
1043 2648 1115 2740 οὐχ
1135 2647 1387 2747 ὑπογραφὴν
1407 2657 1475 2727 δεῖ
1494 2649 1567 2724 δία.

393 2785 464 2851 περ
485 2760 559 2827 νῦν
579 2753 857 2838 θεάσασθαι,
885 2753 989 2823 ἀλλά
1013 2752 1086 2839 σὴν
1111 2752 1362 2841 τελεωτάτην
1384 2754 1567 2850 ἀπεργα-

393 2865 491 2932 σίαν
509 2859 563 2952 μὴ
583 2865 789 2953 παριέναι.
819 2857 841 2943 6
870 2858 914 2928 06
936 2864 1105 2947 γελοῖον
1127 2862 1186 2927 ἐπὶ
1209 2868 1280 2947 μέν
1301 2858 1453 2941 ἀλλοις
1475 2885 1567 2951 σμι-

393 2969 492 3059 κροῦ
518 2961 655 3048 ἀξίοις
682 2965 764 3032 πάν
789 2969 928 3033 ποιεῖν
955 2966 1314 3051 συντεινομένους,
1355 2958 1461 3045 ὅπως
1492 2960 1567 3036 ’ὅτι

392 3066 680 3161 ἀκριβέστατα
714 3074 779 3136 καί
814 3064 1105 3159 καθαρώτατα
1139 3068 1240 3149 ἕξει,
1274 3070 1351 3136 τῶν
1379 3072 1421 3137 δέ
1445 3073 1565 3159 μογί·

393 3192 492 3241 στων
511 3170 783 3260 μὴ’μεγίοτας
815 3169 960 3255 ἀξιοῦν
987 3162 1097 3239 εἶναι
1124 3176 1190 3239 καί
1218 3169 1289 3297 τάς
1318 3168 1565 3260 ἀκριβείας,·

392 3270 622 3363 Καίμάλα,
643 3277 784 3368 έφη,α
759 3270 1254 3363 ἀξιοντὸδιανόημα“).“
1234 3279 1566 3365 ομέυτσιμέγιστσν

391 3376 556 3502 μάθημα
562 3386 618 3447 καί
638 3386 711 3470 περὶ
733 3370 765 3447 6
775 3404 807 3447 τι
828 3376 911 3447 αὐτὸ
933 3382 1043 3466 λέγεις,
1067 3380 1128 3445 οἴει
1150 3375 1210 3446 τιν’
1232 3376 1273 3447 ίίν
1294 3402 1346 3458 σε,
1370 3380 1457 3474 ἔφη,
1467 3378 1564 3475 ἀφεῖ-

391 3512 448 3553 ναι
468 3481 514 3571 μὴ
536 3478 763 3576 ἐρωτήσαντα,
784 3485 816 3551 τί
837 3486 943 3566 έστινς
976 3480 1022 3551 θιί
1045 3477 1146 3563 πάνυ,
1178 3469 1310 3603 6666
1308 3481 1364 3570 γὼ
1398 3480 1486 3553 ἀλλά
1509 3492 1563 3553 καί

392 3586 448 3657 σύ
456 3583 571 3711 έριύτμ.
613 3584 755 3667 Πάντως
776 3582 860 3682 αύτύ
882 3582 941 3654 ούκ
962 3581 1149 3673 ἀλιγάκις’
1129 3582 1290 3667 ακὴκοας,
1322 3586 1378 3655 νῦν
1400 3585 1480 3654 δὲ
1457 3616 1478 3671 η
1504 3586 1563 3657 οὐκ

392 3694 509 3771 ἐννοεῖς
529 3687 551 3774 6
571 3678 614 3760 αὗ
638 3690 790 3788 διανοῇ
775 3694 845 3781 εμσὶ
866 3686 1046 3779 πράγματα
1063 3694 1214 3778 παρέχειν
1227 3685 1562 3779 ἀντιλαμβανόμενος.

458 3976 480 4046 ’)
498 3980 563 4045 Qui·
581 3983 660 4048 Ιςωοτ
677 3978 780 4043 putabit
796 3982 824 4031 ln
844 3979 996 4045 quaerenda
1014 3981 1113 4032 10εοοε
1130 3980 1209 4031 huius
1230 3922 1325 4047 δίειοςι
1344 3982 1424 4033 finem
1443 3985 1560 4045 τετειιτί,

391 4074 469 4140 emus
487 4073 514 4123 1ο
532 4084 626 4137 magno
645 4070 695 4121 Ιιοσ
712 4083 792 4135 opere
809 4084 862 4121 non
881 4065 1040 4137 τελεωτάτη
1058 4064 1234 4141 δυεργασία,
1253 4072 1299 4123 sed
1317 4065 1479 4145 ὑπογραφὴ
1501 4080 1558 4124 τεο-

391 4162 536 4225 ιοιοιιιοδο,
556 4165 645 4225 primu
664 4162 740 4212 ΙΙοεΙτ
758 4160 824 4211 factu
844 4160 1001 4222 descriptio,
1022 4162 1210 4211 eontinentur?
1238 4160 1277 4211 Cf.
1297 4149 1375 4223 'supra
1396 4174 1421 4222 ο.
1441 4160 1505 4213 500.
1527 4164 1557 4213 E.

391 4257 419 4303 et
441 4252 502 4303 501.
530 4249 563 4301 Α.
593 4250 720 4303 diversam
744 4262 816 4301 τοτε.
843 4245 1016 4321 διαγράφειν
1041 4254 1066 4301 et
1089 4244 1274 4323 ἀπογράφειν
1291 4251 1513 4315 significationem
1533 4256 1558 4303 et

390 4354 459 4407 σοεο
476 4338 633 4394 sumnum.
652 4335 772 4392 adhunc
790 4340 877 4391 locum·
895 4338 1039 4391 adnotavit.
