3334 5142
843 438 885 468 .-
907 405 990 481 tot
1030 440 1074 465 n·

367 562 403 635 iu
428 562 515 652 qnod
533 562 568 629 in
588 565 649 630 boc
670 562 797 650 dialogo
818 573 1002 651 quaeratur,¹
1021 568 1276 653 Remptrblicam‘
1288 602 1331 619 -
1350 570 1457 637 πλέον..
1470 562 1534 661 γάρ

369 690 426 755 μοι
454 668 606 759 φαίνεται
630 663 652 748 ἢ
673 665 760 735 κατὰ
785 665 845 751 τὴν
871 671 1043 758 παροῦσαν
1071 666 1176 759 ὁρμὴν
1203 674 1383 765 ἐφικέσθαι
1414 673 1474 741 τοῦ
1499 698 1535 759 γε

370 771 544 847 δοκοῦντος
571 770 644 855 ἐμοὶ
668 767 712 836 τὰ
736 772 802 839 νῦν.
861 772 1012 841 sufficere
1049 774 1132 841 euim
1167 774 1333 855 videbatur
1372 779 1452 843 bano
1497 779 1536 841 de

369 871 454 940 bono
479 872 654 947 doctrinam
678 873 880 943 adumbrasse
908 879 971 954 ita,
1005 885 1040 944 ut
1069 898 1194 945 omnem
1221 878 1423 963 Reipublicae
1452 878 1536 946 ordi·
1641 916 1642 919 =

368 996 441 1041 nem
468 978 541 1041 inde
563 980 767 1063 repetendum
796 1000 866 1045 esse
895 987 1026 1066 pateret.
1070 982 1222 1049 Videntur
1243 984 1345 1069 igitur*
1363 987 1442 1049 haee
1467 1003 1536 1048 eam

368 1082 566 1167 potissimum
587 1083 630 1146 ob
656 1100 782 1147 causam
798 1103 864 1148 non
889 1086 1076 1150 accuratius-
1088 1085 1235 1169 indagata
1254 1106 1342 1162 esse,
1371 1104 1412 1151 ne
1432 1086 1537 1151 aliena

369 1183 496 1267 dialogo
515 1184 725 1264 immisceret3
754 1184 926 1273 eademque
947 1208 1042 1253 causa
1062 1195 1110 1255 est
1129 1211 1185 1258 our
1206 1193 1283 1259 baso
1305 1187 1478 1281 disputatio·
1497 1193 1537 1255 ad

367 1286 467 1354 filium
484 1285 571 1365 boni,
594 1310 688 1374 quem
708 1288 860 1367 nominat,
883 1309 948 1356 non
969 1294 1009 1356 ad
1029 1292 1132 1375 ipsum
1150 1292 1268 1359 bouum
1277 1295 1537 1379 ‹pertinet-nam

369 1396 432 1469 bae¹
455 1390 592 1477 imagine
626 1392 770 1478 egregie.
787 1392 1002 1469 illustrabatur
1029 1396 1062 1462 id
1093 1399 1177 1481 quod
1208 1395 1359 1465 illustrari
1389 1395 1534 1463 'volebat

369 1497 437 1561 Nisi
459 1516 512 1559 res
540 1497 585 1559 ita
612 1516 646 1561 se
674 1494 821 1574 baberet,
840 1500 914 1579 'nisi
941 1500 1039 1582 ipsius
1065 1500 1181 1583 dialogi
1202 1498 1273 1566 finis
1299 1509 1330 1565 et
1349 1501 1537 1583 compositio

368 1606 504 1674 vetaret,
540 1619 604 1683 quo
632 1599 735 1665 minus
754 1605 908 1668 bacones
932 1602 1073 1675 omnium
1097 1602 1279 1673 difficillima
1300 1610 1332 1669 et
1353 1605 1538 1689 gravissimu

368 1701 492 1788 plenius
524 1704 753 1788 explicaretur,
785 1708 813 1771 si
844 1705 949 1777 omnia
979 1727 1060 1791 quae
1088 1706 1148 1772 hue
1173 1722 1275 1792 usqne
1302 1706 1342 1771 de
1368 1706 1537 1773 mulierum

369 1804 606 1891 liberorumque
623 1810 869 1887 commuuione,
894 1808 935 1875 de
956 1809 1149 1896 pbilosophis
1170 1812 1425 1895 magistratibus,
1457 1809 1535 1885 alia,
1641 1872 1642 1893 ἶ

369 1911 550 1985 dietasrmt,
574 1930 650 1975 rare
668 1921 773 1979 essent
796 1904 972 1992 ἐπεισόδια,
994 1932 1052 1999 pro
1074 1912 1176 1981 lubitu
1197 1914 1313 1991 addita,
1336 1922 1368 1979 et
1386 1912 1455 1979 sine
1473 1912 1537 1979 ullo

369 2015 555 2080 detrimento
575 2032 684 2082 earum
705 2034 822 2103 rernm,
851 2018 983 2101 quae-iu
1009 2018 1078 2084 hoo.
1093 2017 1217 2103 dialogo
1239 2018 1321 2083 vere.
1333 2023 1538 2103 quaerantur,

369 2124 457 2184 reete
474 2118 658 2201 omittendae
678 2120 755 2204 quid
775 2118 973 2203 prohibuisse
991 2120 1152 2187 Platonem
1174 2128 1330 2207 putemus,
1354 2122 1539 2205 quominus

369 2224 576 2308 boo‘quoque
596 2223 642 2287 de
658 2221 730 2287 idea
749 2220 826 2289 boni
848 2214 1037 2303 duraedirae,
1058 2243 1118 2310 per
1137 2245 1170 2291 se
1190 2225 1430 2311 longegrarius
1444 2244 1540 2308 quam

370 2332 493 2399 cetera,
526 2325 703 2411 etreliqua
728 2346 769 2391 ex
791 2329 878 2392 omni
899 2335 989 2413 parte
1014 2326 1195 2415 perliceret,
1228 2331 1272 2393 ita
1296 2328 1391 2411 etiarn
1417 2328 1540 2399 satisfa-

372 2432 617 2500 cturusnostri
640 2430 710 2500 aevi
743 2432 951 2517 interpretum
980 2434 1159 2507 desiderio,
1194 2452 1329 2518 qnorum
1356 2438 1458 2497 tantas
1487 2432 1540 2497 bie

370 2535 438 2619 ipse
464 2523 675 2602 locus·morit
699 2534 934 2606 contentiones?
977 2538 1057 2601 Num
1079 2534 1227 2603 babuisse
1255 2538 1415 2603 Socratem
1436 2535 1541 2603 etium

369 2634 555 2730 interiorem
581 2635 675 2702 buius
702 2636 751 2702 rei
768 2638 1004 2721 cognitionem,
1042 2659 1123 2727 quae
1148 2646 1251 2707 tamen
1273 2637 1306 2703 in
1326 2641 1388 2703 boo
1412 2640 1453 2702 de
1474 2640 1542 2701 ,lte

370 2736 495 2825 publica
514 2755 659 2808 sermone
675 2745 885 2827 expromenda
897 2761 973 2809 ‘non
992 2734 1042 2817 sit,
1067 2750 1177 2827 aperte
1193 2744 1308 2807 docent
1326 2741 1404 2809 baeo
1417 2738 1538 2808 verbu:

369 2844 468 2922 πλέον
487 2838 552 2934 γάρ
572 2841 956 2935 perpetraverint&
977 2842 1036 2927 τὴν
1050 2846 1222 2934 παροῦσαν
1237 2838 1345 2933 ὁρμὴν
1354 2845 1539 2930 ἐφικέσθαι

369 2947 429 3014 τοῦ
451 2971 486 3033 γε
508 2947 684 3025 δοκοῦντος
705 2950 776 3035 ἐμοὶ
798 2944 837 3019 τὰ
857 2949 927 3017 νῦν.
970 2952 1102 3016 Tauium
1121 2951 1220 3033 igitur
1241 2946 1341 3024 abest,
1365 2957 1401 3039 nt
1424 2950 1458 3011 in
1478 2951 1541 3013 boo

371 3049 498 3135 dialogo
523 3070 626 3125 sermo
646 3050 688 3117 ad
696 3052 806 3117 aliena
823 3052 931 3118 omnia
953 3051 1116 3119 delabatur
1128 3060 1159 3117 et
1173 3060 1267 3128 erret,
1289 3050 1484 3137 utsapienti,
1505 3054 1541 3117 in

370 3153 448 3239 ipsis
469 3155 660 3237 grauissimis
685 3158 798 3239 rebus,
822 3158 901 3221 etsi
919 3157 1037 3221 iustitia
1055 3162 1261 3241 quaereretur
1274 3154 1473 3231 necessariis,
1496 3157 1539 3219 ct.

371 3277 402 3351 p,
416 3260 490 3333 506,
514 3261 563 3333 A„
585 3259 632 3330 uti
650 3252 873 3344 philosophum
889 3258 1050 3325 rideamus
1068 3258 1297 3332 moderatione.
1343 3259 1391 3325 Gi.
1412 3257 1467 3325 lib.
1485 3259 1541 3324 lv.

371 3380 404 3447 p.
421 3361 495 3436 bdb,
517 3364 557 3424 Ι).
575 3362 620 3426 St.
637 3369 669 3425 et
681 3377 763 3446 quae
776 3365 902 3428 adeum
916 3361 1188 3429 locumoiximue
1216 3364 1298 3428 Hinc
1314 3367 1421 3428 autem
1434 3363 1543 3448 sequi·

372 3473 435 3542 tur,
456 3465 561 3529 omnia
571 3484 652 3551 qnae
666 3486 748 3530 vere,
757 3464 910 3551 explicata
925 3474 997 3531 sunt
1013 3488 1078 3532 nou
1093 3464 1194 3531 ebena
1207 3486 1280 3531 esse
1298 3464 1449 3551 aotnogi
1460 3462 1541 3541 fine,

372 3576 406 3633 et
429 3566 572 3636 firmatur
591 3567 643 3634 bis
668 3566 766 3633 etiam
790 3575 899 3641 nostra
921 3571 960 3634 de
985 3567 1102 3655 dialogi
1126 3568 1187 3633 fine
1210 3570 1374 3635 sententia.
1418 3569 1543 3635 Eodem

373 3670 459 3737 ducit
482 3671 531 3747 id,
568 3674 653 3756 qnod
681 3670 704 3735 ii
728 3670 915 3756 quibuscum
937 3674 1085 3743 Socrates,
1106 3671 1303 3757 colloquitur.
1317 3678 1405 3737 certo
1427 3691 1545 3757 exspe-

372 3783 465 3855 ctant,
486 3794 559 3841 eum
577 3777 919 3849 accuratioremetiam
937 3778 1030 3844 buius
1047 3779 1094 3842 rei
1116 3774 1293 3843 doctrinam
1308 3774 1542 3861 *explicaturum

373 3899 443 3953 esse
466 3878 529 3945 alio
556 3888 760 3964 tempore-
782 3872 938 3955 εἰσαῦθις
966 3876 1030 3968 γὰρ
1059 3880 1130 3947 τοῦ.
1146 3876 1272 3969 πατρὸς
1291 3874 1467 3955 ἀποτίσεις·
1482 3874 1542 3958 τὴν

374 3976 533 4064 διήγησιν.
556 3982 716 4065 -Sapieuti
738 3980 835 4065 igitur
861 3985 1079 4059 moderatione
1100 4004 1192 4059 usus,
1221 4002 1344 4047 memor
1367 3986 1452 4047 buno
1476 4000 1544 4047 ser-

373 4104 499 4156 monem
520 4087 553 4150 in
575 4084 746 4171 Republica
769 4087 911 4161 versari,
939 4108 997 4152 nec
1021 4085 1121 4153 uoluit
1143 4086 1176 4151 in
1197 4085 1279 4160 buno
1299 4088 1404 4151 locum
1425 4104 1544 4168 conge-

373 4208 445 4253 rere
468 4190 575 4253 omnia
602 4208 745 4273 eaquae
772 4189 805 4251 in
834 4188 903 4253 aliis
929 4190 1062 4276 scriptis,
1086 4182 1280 4265 Parmenides,
1305 4188 1460 4273 Sophiste,
1487 4187 1543 4253 de-

373 4290 439 4357 dita
453 4295 547 4359 etiam
561 4311 660 4376 opera
675 4295 716 4357 de
726 4290 867 4359 idearum
881 4294 1024 4359 doctrina
1036 4293 1239 4377 disseruerat,
1250 4314 1313 4359 neo
1327 4290 1541 4389 necessarium
