3334 5142
600 392 831 459 ..ιω-ι

134 551 294 635 putavitat
311 550 577 650 obtemdemque
607 563 732 618 eausam
762 553 796 615 in
823 552 967 627 Timaeo.
1001 552 1037 617 in
1053 569 1129 637 ‘quo
1151 550 1192 619 ad
1216 552 1301 620 idem

132 653 322 741 principium
340 658 541 725 redeundum
562 662 639 729 erat,
667 654 768 720 adbuc
787 654 917 721 nevius
936 653 1106 741 disputavit
1129 658 1168 722 de
1187 656 1302 723 'iisdem

131 756 246 834 rebus,
278 760 353 843 quia
374 763 426 825 hic
450 757 595 843 dialogus
614 768 840 844 praecesserat.

217 862 292 926 Istis
311 862 389 929 solvi
409 871 553 948 putamus
571 883 602 948 p.
625 866 677 925 39.
700 864 819 927 introd.
840 883 857 926 a
878 861 1170 931 ¹Schleiermaehero
1190 864 1229 931 de
1244 859 1302 931 bac

28 1002 31 1007 ·
132 972 292 1031 remotas
311 964 536 1032 dubitationes.
580 969 668 1030 Nam.
685 964 990 1033 Schleiermacberus
1010 968 1054 1033 ita
1076 964 1171 1035 dicit:
1187 969 1303 1036 allier

127 1089 198 1134 nun
223 1068 305 1136 wird
326 1072 379 1133 die
404 1072 478 1135 Ideo
496 1068 556 1134 des
577 1070 686 1135 'Guten
710 1068 756 1135 als
777 1068 835 1136 der
858 1070 988 1135 hbcbste
1015 1074 1212 1157 Gegeustand
1231 1077 1304 1140 dar-

133 1171 270 1256 gestellt,
300 1174 451 1239 adenem
480 1174 549 1237 das.
562 1174 940 1260 suenntmsvemsgen
964 1173 1021 1241 des
1043 1178 1211 1243 Menschen
1235 1180 1303 1243 sich

132 1278 308 1343 suwenden
327 1278 431 1351 kann3
461 1275 562 1341 leider
580 1274 705 1353 lreilicb
728 1297 777 1342 so·
788 1276 846 1342 als·
858 1276 898 1343 ob
922 1282 1000 1343 auch
1018 1281 1075 1345 die
1094 1280 1165 1345 hier
1185 1284 1304 1350 senie-

133 1400 209 1446 sene
238 1378 350 1464 genias
378 1379 466 1445 nicht
488 1378 598 1465 hiufig
622 1378 856 1445 amutreffenda
881 1381 1111 1449 Meistersebal't
1137 1384 1172 1450 in-
1193 1404 1303 1471 specu-

132 1482 261 1549 lativer.
278 1482 477 1567 Darstellung
495 1504 552 1558 ,au
585 1481 693 1549 diesen
727 1484 924 1569 Gegenstand
960 1488 1046 1551 nicht
1081 1488 1300 1569 binanreicbe3

133 1580 272 1663 condem
303 1586 356 1652 die
388 1585 624 1682 belriedigende
654 1590 861 1673 Bobandlung
888 1588 1052 1657 desselben
1081 1590 1161 1657 wird
1188 1612 1226 1659 au
1251 1592 1303 1660 ieb

132 1691 229 1758 weiss
251 1692 338 1756 nicht
352 1710 430 1757 ⁴nas
449 1691 504 1755 fiir
524 1692 618 1755 einen
638 1694 724 1756 uocb
739 1692 816 1759 weit
832 1692 1045 1759 berrlichereu
1059 1696 1116 1760 Ort
1131 1698 1300 1781 gewiesen,

132 1795 205 1859 bier
231 1792 310 1859 aber
334 1797 392 1860 das
417 1797 496 1861 Gute
521 1816 581 1859 nur
601 1793 635 1859 in
656 1796 784 1860 Bilderu
803 1798 869 1862 und
895 1799 995 1862 durch
1018 1797 1148 1865 weltere
1166 1798 1303 1865 Ausldb·

132 1918 217 1983 rung
240 1895 404 1963 bildlieber
422 1896 519 1973 Reda,
549 1898 594 1984 als
620 1899 671 1963 die
694 1898 804 1979 Quelle
825 1898 904 1965 aller
923 1901 1129 1967 Erkenntnlss
1146 1905 1212 1970 und
1228 1900 1303 1968 alles

134 2003 247 2077 Seius,
270 2001 337 2067 also
361 2000 442 2067 auch
463 2000 546 2067 iiber
572 1999 682 2067 beides
707 2001 846 2088 gestem,
878 2004 935 2069 auf
959 2006 1016 2071 das
1040 2004 1226 2079 beralicbsto
1247 2028 1302 2090 ge·

132 2104 295 2192 priesenm
338 2108 419 2169 Nam
443 2104 482 2169 de
507 2104 556 2170 bis
580 2104 679 2171 multo
705 2105 798 2172 aliter
822 2110 1021 2184 statuendum
1047 2116 1113 2186 est,
1144 2112 1304 2177 siveram

134 2218 199 2285 est,
231 2211 316 2296 quod
341 2206 604 2281 demonstravisse
633 2206 725 2276 nobis
759 2211 926 2285 videmur,
960 2211 1116 2279 hocloco
1143 2212 1303 2283 Platonem

133 2312 209 2378 satis
229 2314 384 2377 babuisse
406 2314 450 2376 ita
471 2333 508 2377 ea
532 2312 570 2377 de
595 2333 632 2377 re
657 2309 828 2399 disputare,
847 2318 892 2379 ut
912 2314 1056 2381 sufficere
1081 2315 1242 2383 videretur
1257 2320 1304 2383 -ad

134 2414 360 2482 absolvendam
375 2415 510 2481 civitatis
523 2416 682 2501 perfectae
697 2417 950 2503 descriptionem.
974 2422 1193 2487 Fundamenta
1208 2408 1305 2505 iqitur

134 2519 301 2607 inquibus
316 2517 596 2588 Sebleiermaeberi
613 2519 766 2585 sententia
778 2522 898 2598 nititur,
930 2523 1026 2589 multa
1049 2545 1068 2589 a
1088 2526 1207 2610 dialogi
1228 2530 1303 2591 vero

134 2622 198 2689 line
221 2624 322 2689 aliena
344 2625 425 2690 huie.
441 2624 531 2709 operi
550 2625 690 2688 mmista
706 2629 787 2689 ,esse
806 2627 956 2708 putantis.
984 2629 1126 2693 subduci*
1139 2628 1240 2705 vides.
1262 2662 1305 2679 -
1360 2684 1363 2693 .

134 2749 210 2805 nam
232 2749 278 2793 ue
303 2726 343 2793 de
367 2726 463 2796 tantis
487 2727 616 2812 quidem
641 2730 757 2804 rebus,
793 2748 875 2815 quae
904 2730 1076 2797 si-iustitia
1101 2740 1304 2819 quaereretur

134 2831 186 2899 ael
209 2830 443 2898 accuratissime
467 2829 670 2917 explicandae
688 2830 832 2905 fuerunt,
861 2830 900 2897 cl.
923 2830 1055 2901 lib.·VI.
1080 2836 1151 2909 bob,
1173 2838 1210 2899 B.
1233 2854 1302 2920 sqq.

135 2943 190 3000 et
185 2937 255 3001 lib.
280 2934 336 3000 IV.
362 2955 396 3022 p.
416 2937 495 3011 435,
510 2940 565 3000 b.
588 2938 651 3011 St,
680 2934 841 3006 Platonem
865 2934 1056 3003 sufficienter
1076 2937 1179 3024 egisse
1202 2940 1305 3005 videri

134 3041 404 3125 conqueritnr-
361 3046 457 3104 -at
472 3035 564 3103 omne
578 3036 790 3108 aedilicium”
768 3060 808 3104 us
817 3039 1005 3165 impositum
1016 3040 1188 3129 collapsum
1201 3060 1304 3109 ruere.

200 3144 411 3228 Pergamus·
438 3137 860 3229 Ampolquocepemicy'f
849 3142 932 3237 ἔφην
951 3142 1021 3231 ἐγὼ,
1044 3151 1103 3214 καὶ
1114 3126 1306 3234 ἀναμνήσας

134 3243 222 3336 ὑμᾶς
243 3242 298 3313 τά
307 3271 341 3312 τι
363 3248 397 3312 ἐν
416 3250 487 3322 τοῖς
507 3244 700 3345 ἔμπροσθεν
720 3246 869 3335 ῥηθέντα
891 3254 963 3315 καὶ
961 3244 1085 3316 ἄλλοτε
1107 3246 1168 3331 ἤδη
1182 3242 1306 3317 πολλά

134 3377 188 3430 mc
210 3345 375 3441 ειρημένα
424 3344 475 3414 Τὰ
500 3354 598 3431 ποῖας
626 3334 746 3431 qd’
728 3340 786 3468 οξ·
830 3348 951 3420 Πολλὰ
977 3350 1081 3433 sola,
1108 3340 1241 3434 ηνὸ”
1226 3349 1304 3441 εγὼ,

134 3449 320 3522 καὶπολλὰ
342 3447 464 3538 ἀγαθὰ
485 3457 547 3518 καὶ
562 3454 685 3519 ἕκαστα
707 3444 810 3531 οὕτως
831 3444 914 3521 εἶναι’
936 3458 1045 3548 φαμέν
1067 3480 1100 3523 τε
1122 3461 1177 3523 καὶ
1204 3458 1306 3545 διορί-

135 3561 233 3643 ζομεν
254 3557 300 3623 aa]
323 3550 420 3647 λογῳ
467 3557 584 3642 ‘Danda
603 3580 689 3646 γαρ
731 3559 803 3623 Καὶ
823 3552 914 3623 αὐτὸ
943 3556 982 3640 δὴ
1010 3556 1112 3625 καλὸν
1140 3564 1195 3628 καὶ
1223 3555 1305 3631 abac*

137 3656 309 3781 ἀγαθὸν
306 3664 362 3725 καὶ
390 3650 474 3727 ον’τω
502 3663 575 3750 περὶ
600 3653 746 3739 πάντων,
782 3652 806 3725 οὶ
833 3654 908 3727 τότε
939 3657 999 3739 ὡς
1008 3660 1116 3737 πολλὰ
1137 3664 1305 3751 ἐτίθεμεν

136 3761 237 3833 πάλιν
266 3749 309 3829 αὖ
337 3758 404 3831 κατ’
436 3758 527 3829 ἰδέαν
551 3762 631 3850 μίαν
659 3756 798 3829 ἑκάστου
826 3757 870 3841 ὡς
889 3765 970 3850 μιᾶς
991 3760 1092 3847 ον’σης
1112 3760 1305 3888 radiatae&

137 3868 226 3937 ἔστιν
248 3870 387 3935 ἕκαστον
414 3861 726 3987 προσαγορεύομεν
746 3861 842 3934 Εοτι
866 3868 986 3934 ταῦτα.
1030 3867 1158 3937 Καὶ
1121 3896 1163 3937 τα
1183 3880 1244 3958 μὲν
1265 3867 1305 3953 δὴ
1358 3902 1361 3909 ’

136 3968 296 4064 ορᾶσθαί
313 3993 434 4062 φαμεν,
454 3964 664 4035 νοεῖσθαιὸ
687 3964 737 4050 od,
758 3965 819 4047 τὰς
839 3956 937 4037 δ’
894 3996 936 4039 αν
956 3967 1045 4050 ἰδέας
1065 3978 1222 4043 νοεῖσθαι
1234 3982 1304 4061 μὲν,

139 4072 308 4168 ὁρᾶσθαι
303 4069 403 4140 δ’
370 4069 424 4155 σι’.
460 4066 721 4140 Παντααασιὲ
680 4101 706 4161 μ
707 4080 741 4141 ὲν
761 4059 829 4141 οὖν.
865 4074 912 4140 Cf.
935 4096 975 4162 p.
971 4079 1064 4154 507,
1086 4081 1121 4145 Α.
1145 4080 1210 4144 St.
1232 4082 1306 4145 Per·

138 4184 342 4255 duentbaec,
357 4173 575 4263 quodomnes
589 4176 771 4257 concedent,
793 4181 834 4244 ad
847 4177 990 4247 idearum
1005 4180 1186 4249 doctrinam.
1215 4185 1304 4262 Qua‘e

141 4308 199 4353 cur
232 4282 394 4353 Blatouem
423 4283 629 4377 praemisisse.
650 4292 796 4371 putemus
819 4282 999 4370 quaestioni
1028 4288 1069 4351 do
1093 4288 1205 4366 ⁴beina,
1243 4289 1305 4357 nisi
