3334 5142
603 413 836 485 -66-

129 579 183 645 δεῖ
203 566 312 669 δίσπερ
340 581 529 665 κυνηγέτας
538 573 629 657 τινάς
649 566 788 666 θάμνου
808 553 915 671 κύκλῳ
936 564 1180 671 περιίστασθαι
1201 599 1304 670 πρσσι

128 686 266 769 ἔχοντας
286 679 345 749 τὸν
365 686 452 764 νοῦν,
465 678 520 770 μή
534 710 578 765 πη
594 677 742 776 διαφύγη
755 677 776 763 ἦ
791 648 983 765 δικαιοσύνη
999 708 1055 750 και
1044 678 1305 782 ἀφανισθεῖσα

126 782 252 867 ἄδηλος
272 790 417 871 γένηται·
440 783 587 879 φανερὸν
607 782 672 876 γάρ
695 779 781 867 δίγ,·“
771 774 824 850 ύτι
846 778 950 879 ταύτῃ
972 794 1017 867 πη
1039 782 1138 852 ἔστιν.
1163 776 1280 870 λύρα
1245 808 1306 854 ουν

125 894 182 955 καὶ
211 890 395 979 προθυμοῦ
425 891 630 971 κατιδεῖν,
614 883 671 956 εάν
691 914 760 967 παις
780 882 940 979 πρότερος
963 890 1042 976 ἐμοῦ
1065 890 1135 983 ἴδης
1156 894 1221 955 καί
1234 890 1305 977 ε’μοί

125 988 273 1086 φράσῃς.
316 990 366 1059 Εἰ
383 990 450 1084 γάρ
474 990 653 1087 ὥφελον,’”
634 1010 710 1087 εφη
723 987 821 1059 άλλά
841 993 1019 1077 μᾶλλον,
1004 984 1060 1059 εάν
1080 1004 1154 1080 μοι
1161 994 1304 1085 ἑπομίνιο

120 1096 188 1189 χρῇ
217 1101 274 1162 καὶ
300 1094 344 1163 τά
372 1092 562 1184 δεικνύμενα
584 1099 755 1218 δυναμένῳ
778 1096 978 1221 καθορᾷν,
980 1091 1067 1163 πάνυ
1088 1115 1148 1183 μοι
1165 1096 1307 1214 μετρίως

121 1193 264 1294 χρήσημ
278 1190 408 1327 ἶςἘπου,
416 1186 553 1282 66³²
537 1197 663 1285 εγώ,ευ
629 1195 801 1287 εὐξάμενος
814 1222 875 1286 μετ
898 1198 990 1325 ἐμρύ.
1025 1195 1168 1281 Ποιήσω
1183 1201 1305 1266 ταῦτα*

124 1298 215 1369 ἀλλὰ
243 1297 374 1391 μόνον,
388 1291 411 1386 ἦ
438 1298 508 1370 δ’“
497 1297 549 1384 σ’ς,
578 1298 671 1390 ἡγοῦ.
714 1304 785 1369 Καὶ
805 1299 888 1391 μὴν,
918 1292 1008 1369 εἶπον
1030 1300 1107 1389 ἐγὼ,
1138 1297 1306 1389 δύσβατός

123 1410 163 1491 γέ
184 1430 237 1484 τις
259 1401 277 1472 6
291 1402 403 1484 τύπος
424 1407 579 1499 φαίνεται
600 1408 692 1473 καῖ’
677 1408 836 1483 επίσκιος
868 1406 938 1472 ἔστι
959 1406 1038 1492 γοῦν
1062 1404 1227 1487 σκοτεινὸς
1249 1412 1307 1475 καί

124 1504 404 1635 δυσδιερεύνητος
434 1506 521 1576 άλλά
498 1506 610 1596 αγάρ
637 1501 724 1633 ύμιρς
746 1506 841 1577 ἰτέον.
880 1505 995 1576 Ιιίσν
1006 1505 1087 1598 γάρ,
1106 1510 1189 1599 ἔφη.
1202 1513 1305 1585 Καὶ

124 1609 188 1735 666
210 1610 353 1680 κατιδὼν
368 1609 474 1679 Ἰού
459 1610 534 1695 ιού,
551 1604 657 1693 εἷπον,
680 1610 706 1679 6
727 1608 898 1682 Γλαύκων·
922 1609 1167 1733 κινδυνεύομέν
1167 1638 1200 1681 τι
1222 1613 1306 1702 ἔχειν

124 1718 233 1804 ίχνος,
248 1717 320 1783 καί
345 1740 404 1804 μοι
431 1719 523 1783 δοκεῖ
547 1712 586 1783 ού
611 1712 698 1784 πάνυ
718 1740 752 1783 τι
743 1711 1048 1886 δέκφερξεῖσθαι“
1031 1716 1130 1803 ημάς
1173 1704 1266 1784 66³
1233 1726 1307 1805 ·α’γν“

123 1820 321 1906 γέλλεις,ι’γ
303 1808 428 1887 ι)Η
408 1845 454 1898 ος.
490 1806 545 1886 Ἦ
565 1816 644 1905 μην,
673 1806 764 1901 ἦνδ
807 1846 886 1906 εγω,
914 1816 1076 1906 βλακικόν
1102 1844 1138 1907 γε
1165 1816 1242 1913 ἧμιν
1262 1817 1304 1887 τύ

123 1918 254 2002 πάθος.
308 1919 356 1991 Τὸ
382 1932 497 2007 ποῖον,
523 1919 662 2005 Πάλαι,
693 1909 718 1989 6
743 1918 906 2051 μακάριε,
931 1924 1084 2049 φαίνεται
1107 1919 1180 2043 πρὸ
1194 1925 1306 1991 ποδῶν

123 2022 213 2151 ημῖν
232 2022 313 2109 ἐξ
286 2028 396 2118 αρχῆς
424 2030 672 2148 κυλινδεῖσθριι,
699 2031 754 2093 καὶ
778 2023 838 2115 ούχ
859 2028 1005 2149 ἑωρῶμεν
1027 2023 1076 2117 άρ
1103 2022 1202 2108 αὐτὸ,
1231 2011 1302 2095 άλλ

124 2128 209 2216 ἦμεν
234 2126 619 2259 καταγελαρτάτατοι,
604 2122 710 2220 ὥσπερ
737 2132 813 2197 οῖ’
797 2155 830 2198 εν
858 2135 931 2208 ταῖς
955 2136 1067 2219 χερσὶν
1096 2130 1221 2219 ἔχοντες
1247 2133 1303 2214 ζη

124 2236 248 2322 60666
264 2236 364 2302 ἐνίοτε
388 2228 559 2322 ὃίχουσι·
590 2240 646 2300 καί
667 2232 759 2320 ημεῖς
781 2229 829 2311 εἷς
849 2229 932 2301 αὐτὸ
953 2241 1014 2320 μὲν
1037 2229 1096 2301 ούιι
1118 2230 1301 2319 ἀπεβλέπο-

124 2362 202 2460 μεν,
232 2334 380 2442 66666
350 2340 410 2405 δέ
435 2360 493 2404 ποι
515 2333 776 2465 ρῖπεσκοπούμεν,
805 2327 831 2441 ᾗ
856 2332 901 2419 ’δη
927 2341 991 2403 καί
1011 2330 1243 2432 ελάνθανευ”
1225 2362 1303 2417 ισως

124 2433 605 2534 ἡμᾶς.11ὦς,”εφη,λε’γεις,·
638 2433 815 2521 θύτας,
787 2464 895 2517 ειπον,
921 2436 965 2519 ὦς
985 2423 1144 2565 δοκοῦμέν
1164 2455 1222 2530 μοι
1245 2447 1299 2509 καὶ

123 2549 274 2631 λέγοντες
296 2540 379 2611 αύτό
400 2550 455 2611 καί
478 2540 652 2622 ἀκούοντες
672 2541 777 2613 πάλαι
799 2540 838 2613 66
862 2539 1050 2633 μανθάνειν
1072 2541 1163 2641 ἡμῶν
1183 2541 1301 2629 αὐτῶν,

124 2641 179 2716 ὅτι
204 2644 360 2736 ἐλέγομεν
388 2644 512 2740 τρόπον
528 2645 606 2715 τινά
628 2643 721 2717 αὐτό.
760 2645 973 2775 Μακρὸμν,
955 2672 1036 2740 εφη,
1066 2645 1104 2713 τὸ
1126 2650 1301 2773 προοίμιον

123 2754 171 2845 τῷ
193 2746 456 2877 6666666666'
436 2753 587 2819 6666666.
625 2746 726 2833 A6’,
754 2738 894 2834 ἦνδΗ
878 2748 965 2839 εγὼ,
984 2748 1100 2829 ἄκουε,
1129 2754 1163 2819 εἴ
1179 2776 1209 2819 τι
1232 2748 1300 2859 ἄρα

124 2825 242 2977 λύγοι.
255 2851 275 2923 6
302 2853 379 2945 γάρ
406 2847 493 2937 ἐξ
472 2857 600 2944 αρχῆς
626 2856 819 2942 ἐθέμεθα
847 2858 930 2923 δεῖν
957 2860 1091 2923 ποιεῖν
1111 2852 1180 2923 διά
1201 2881 1303 2951 παν·Ι

122 2958 218 3039 τὸς,
255 2951 324 3026 ὅτε
358 2956 429 3041 τὴν
460 2955 582 3027 πόλιν
613 2961 908 3051 κατῳκίζομεν,
941 2954 1066 3026 τοῦτό
1093 2961 1219 3041 ἐστιν,
1250 2955 1301 3041 ὡς

123 3066 216 3146 6606
239 3059 419 3157 δοκεῖ,
397 3085 488 3144 ητοι
510 3057 665 3129 τούτου
683 3086 738 3129 τι
747 3054 900 3145 εἶδοςὴ
924 3058 1187 3145 δικαιοσύνη.
1210 3064 1310 3131 666

121 3171 242 3293 μεθα
264 3170 309 3233 δὲ
329 3162 458 3249 δήπου
480 3172 549 3233 καὶ
569 3162 768 3245 πολλάκις
786 3168 995 3265 ἐλέγομεν,
1018 3162 1056 3233 εἰ
1063 3168 1312 3255 μέμνησαι,”

124 3264 190 3339 ὅτι
220 3269 288 3339 ἕνα
317 3272 496 3337 ἕκαστον
515 3264 564 3338 66
591 3272 699 3338 δέοι
709 3255 974 3361 ἐπιτηδεύειν
1002 3269 1080 3337 τῶν
1105 3275 1198 3357 περὶ
1225 3268 1300 3353 τὴν

122 3371 263 3455 πόλιν,
292 3370 350 3467 εἰς
371 3368 391 3440 6
413 3369 539 3441 αὐτοῦ
559 3370 581 3456 ἡ
603 3368 731 3467 φύσις
752 3366 1066 3456 ἐπιτηδειοτάτη
1088 3379 1303 3469 πεφυκυῖα

124 3482 200 3562 εἴη.
240 3474 473 3565 Ἐλέγομεν
494 3469 583 3565 γάρ.
625 3481 711 3545 Καί
729 3474 817 3565 μὴν
850 3468 913 3543 ὅτι
942 3502 982 3564 γε
1011 3473 1059 3543 τὸ
1090 3474 1137 3543 τά
1165 3472 1298 3555 αὑτοῦ

123 3579 327 3675 πράττεῖν
353 3587 430 3647 καί
449 3578 501 3667 μὴ
525 3585 891 3672 πολυπραγμονεῖν
919 3576 1178 3664 δικαιοσύνη
1195 3582 1296 3664 ἔστί,
1307 3613 1313 3623 ·

123 3713 195 3754 και
225 3686 348 3752 τοῦτο
377 3682 512 3751 ἄλλων
537 3709 579 3751 τε
606 3680 818 3751 πολλῶν
799 3679 1048 3772 ακηκύαμεν
1080 3690 1148 3751 και
1178 3681 1298 3753 αύτοι

123 3785 331 3867 πολλάκις
360 3784 597 3879 εἰρήκαμεν.
646 3783 883 3877 Εἰρήκαμεν
910 3784 997 3879 γάρ.
1051 3790 1185 3856 Τοῦτο
1212 3790 1300 3857 τοί
1282 3818 1311 3839 ¹

123 3920 215 3975 νυν,
244 3878 387 3976 ἦνδΗ
371 3890 462 3979 εγὼ,
493 3890 518 3958 6
540 3894 651 3984 φίλε,
681 3890 916 3961 κινδυνεύει
942 3889 1300 4013 τρόπσντινάγι·
1309 3928 1314 3937 ·

123 3991 364 4085 γνόμενονὴ
387 3992 640 4088 δικαιοσύνη
660 3986 785 4081 εἶναι,
807 3994 854 4065 τὸ
876 3994 922 4064 τά
946 3992 1072 4065 αὑτοῦ
1091 3993 1296 4085 πράττειν.

125 4093 241 4169 οἶσθα
260 4092 367 4169 ὅθεν
380 4100 615 4188 τεκμαίρομαις
654 4096 737 4183 Ούκ,
770 4097 874 4169 ἀλλά
885 4097 1010 4188 λὲγ,”
991 4128 1065 4195 εφη.
1083 4104 1211 4169 Δοκεῖ
1226 4097 1317 4196 μοι,ἒ

123 4231 166 4287 ην
187 4200 262 4271 δ
244 4201 321 4291 εγὼ,
343 4200 381 4270 τὸ
402 4199 619 4271 ύπόλοιπον’
604 4228 636 4271 εν
656 4207 698 4300 τῇ
716 4194 856 4272 πόλει
831 4228 875 4273 ων
897 4207 1098 4293 εσκίμμεθα,
1121 4200 1295 4297 σωφροσύ·

123 4335 183 4393 νης
203 4334 261 4376 και
281 4304 441 4400 ἀνδρείας,
463 4313 520 4375 καὶ
540 4304 739 4403 φρονήσεώς,
759 4310 859 4377 τούτο
880 4299 979 4391 εῖναι,
1001 4303 1021 4376 6
1041 4311 1143 4378 πᾶσιν
1158 4310 1295 4389 ἐκείνοις
1308 4313 1318 4348 ·’
1376 4369 1378 4375 .
