3334 5142
862 392 1091 459 ..166-

389 542 439 627 ῶς
464 544 737 637 ἡμεῑςπάλαι
757 554 1035 644 περιμένομεν
1064 546 1258 640 οἰόμενοί
1273 575 1320 620 «σε
1347 576 1426 619 που
1454 573 1559 638 μνη-

389 648 638 734 σθήσεσθαι
663 656 944 735 παιδοποιίας
972 681 1013 723 τε
1047 658 1159 746 πέρι,
1194 650 1558 736 πῶςπαιθοποιή-

388 779 553 839 σονται,
590 763 660 824 καὶ
690 763 939 846 γενομένους
970 760 1050 843 πῶς
1081 754 1325 853 θρέψουσι,
1360 764 1429 827 καὶ
1461 749 1559 841 όλην

389 856 543 943 ταύτην
574 855 621 943 ἢν
653 864 783 949 λέγεις
815 863 1035 929 κοινωνίαν
1062 866 1271 949 γυναικῶν
1298 888 1338 931 τε
1366 888 1434 929 και
1462 862 1558 929 παί-

386 970 478 1033 δων
485 968 601 1051 μέγα
622 959 703 1053 γάρ
720 990 756 1033 τι
766 961 962 1085 οιόμεθα
983 969 1125 1058 φέρειν
1146 972 1213 1034 καλ
1236 959 1335 1033 όλον
1357 962 1415 1045 είς
1434 969 1559 1035 πολι-

388 1069 503 1136 τοίαν
525 1063 708 1155 όρθῶς’
686 1095 707 1149 6
727 1064 779 1155 μὴ
801 1064 945 1160 ὀρθῶς
965 1065 1228 1155 γιγνόμενον.
1250 1072 1318 1139 νῦν
1340 1058 1427 1151 οὖν,
1448 1072 1558 1139 ἐπει·

385 1169 432 1255 δὴ
459 1167 589 1253 άλλης
616 1167 880 1266 ἐπιλαμβάνῃ
908 1174 1153 1251 πολιτείας,
1181 1178 1276 1264 πριν
1303 1174 1435 1241 ταῦτα
1457 1176 1558 1239 ἱκα-

384 1277 465 1353 νῶς
486 1275 730 1351 διελέσθαι,
754 1277 953 1343 δέδοκται
974 1271 1070 1363 ἡμῖν
1091 1278 1232 1358 τοῦτο,
1254 1271 1274 1344 6
1296 1274 1342 1344 σύ
1363 1274 1557 1359 ἤκουσας,

385 1376 432 1447 τὸ
467 1384 509 1445 οὲ
542 1373 593 1464 μὴ
623 1381 847 1465 μεθιέναι,
882 1385 976 1470 πρὶν
1009 1375 1057 1448 66
1092 1380 1220 1449 ταῦτα
1254 1375 1387 1467 πάντα
1423 1372 1557 1468 ῶσπερ

384 1470 518 1549 τάλλα
538 1482 728 1574 ὃιέλθης
773 1485 845 1549 Καὶ
866 1484 921 1571 ἐμὲ
942 1483 1061 1558 τοίνυν,
1084 1477 1102 1548 6
1124 1478 1322 1551 Ha6xwv”
1304 1507 1378 1577 ειγη,
1399 1480 1557 1552 κοινωνὸν

383 1588 444 1668 τῆς
463 1580 585 1682 ψήφου
606 1580 728 1666 ταύτης
751 1586 877 1653 τίθετε.
917 1580 1105 1673 Ἀμέλει,
1086 1610 1150 1678 εφη
1173 1582 1192 1653 6
1219 1584 1449 1711 Θρασύμαχος,
1470 1586 1554 1653 πάσι

384 1691 490 1757 ταῦτα
506 1682 715 1776 ὃεὸογμένα“
697 1675 953 1776 ημιννόμιζε,
930 1715 967 1755 ω
976 1684 1164 1779 Σώκρατες.
1211 1682 1323 1771 Οἶον,
1344 1677 1446 1773 ἦνὸ’
1471 1686 1552 1777 ἐγὼ,

384 1787 651 1880 εἰργάσασθε
685 1787 991 1883 ἐπιλαβόμενοί
1019 1818 1116 1877 μου.
1150 1783 1250 1869 ὅσον
1279 1788 1415 1881 λόγον
1424 1788 1554 1865 πάλιν

384 1889 519 1984 ῶσπερ
548 1890 635 1977 ἐξ
614 1894 742 1984 αρχῆς
769 1900 921 1981 κινεῖτε
947 1900 1040 1987 περὶ
1069 1898 1140 1979 τῆς
1167 1892 1444 1979 πολιτεία-ις,
1429 1921 1477 1979 ην
1505 1890 1553 1975 ῶς

383 1996 462 2117 666
481 1994 782 2081 διελιγλνθῶς”
763 2024 883 2091 εγωγε
906 1998 1078 2088 ἔχαιρον,
1102 1994 1274 2085 άγαπῶν,
1296 2002 1337 2067 εἴ
1351 2026 1414 2081 τις
1435 1995 1552 2087 ἐάσοι

383 2105 519 2171 ταῦτα
541 2094 895 2189 άποδεξάμενος’
874 2129 921 2180 ως
950 2097 1046 2168 τότε
1075 2097 1296 2227 ἐρρήθη.ι
1282 2097 1304 2169 6
1332 2104 1405 2173 νῦν
1435 2098 1553 2191 ὑμεῖς

382 2205 723 2299 παρακαλοῦντες
751 2200 826 2272 οὐκ
855 2206 943 2272 ἱστε
971 2196 1070 2273 όσον
1099 2202 1223 2325 ἐσμὸν
1244 2200 1412 2325 λέγων’
1396 2208 1552 2293 επεγεί·

384 2326 489 2402 ρετε·
518 2303 563 2377 66
584 2304 688 2397 όρῶν
710 2304 783 2393 ἐγῶ
803 2332 967 2429 μαρηκα
990 2303 1099 2389 τότε,
1120 2305 1172 2397 μὴ
1193 2306 1402 2401 παράσχοι
1422 2305 1552 2377 πολὺν

384 2412 519 2503 ὄχλον
567 2414 608 2479 Τί
630 2413 724 2497 6656
709 2396 815 2477 6'‘
805 2404 856 2489 ός,
880 2405 898 2477 ὁ
925 2407 1158 2531 Θρασύμαχος
1176 2409 1470 2539 χροσοχοήοαντας
1492 2415 1552 2481 οἴει

340 2534 344 2542 “
382 2512 498 2641 τρόσδε
519 2516 577 2584 νῦν
599 2508 721 2591 ἐνθάδε
737 2509 899 2604 άφῑχθαι,
922 2509 989 2581 ἀλλ’
1015 2541 1060 2582 ov
1044 2510 1214 2601 λόγον’
1189 2520 1450 2605 ακοοσομένοοςς
1473 2520 1551 2597 Ναι,

381 2613 489 2701 εἶπον,
509 2619 647 2735 μετρίων
667 2642 729 2702 γε.
754 2620 900 2707 Μέτρον
910 2610 992 2684 δέ’
965 2646 1006 2703 γ,
1024 2618 1115 2711 ἔφη,
1135 2646 1160 2685 ω
1144 2605 1417 2709 Σώκρατες,
1399 2645 1419 2686 ο
1441 2614 1552 2687 Γλαό-

380 2750 460 2805 κων,
488 2716 646 2798 τοιοότων
673 2716 827 2842 λόγον’
807 2716 938 2799 ακοόειν
966 2713 1080 2799 όλος’
1065 2747 1083 2787 ο
1104 2722 1179 2808 βίος
1199 2724 1276 2789 νοῦν
1297 2722 1436 2811 έχοοσιν.
1465 2718 1552 2789 ἀλλὰ

382 2826 421 2894 τό
446 2834 517 2915 μέν
528 2819 683 2915 ἡμέτερον
705 2823 757 2890 ἔα
779 2820 907 2891 οὐδὲ
863 2829 971 2915 ἐπερι
993 2814 1035 2891 ὧν
1057 2810 1221 2947 ἐρωτῶμεν
1239 2822 1445 2915 μηθαμῶς”
1421 2821 1551 2894 αποκά-
1646 2904 1647 2907 ¹

378 2957 443 3026 μμς
463 2920 483 3024 ᾗ
506 2952 558 2997 σοι
581 2931 673 2995 δοκεῖ
690 2924 876 3009 διεξιῶν,’
846 2952 893 3005 τις
914 2954 960 3009 6
957 2928 1108 3017 κοινωνία
1130 2934 1199 3007 τοῖς
1221 2920 1401 3022 ἐγόλαξιν
1374 2935 1460 3053 ημῖν
1473 2930 1551 2997 παί·

380 3037 445 3102 δων
474 3058 506 3101 τε
520 3035 607 3122 πέρι
633 3035 689 3097 καὶ
714 3032 876 3117 γυναικῶν
905 3030 996 3098 ἔσται
1026 3036 1081 3097 καὶ
1111 3034 1237 3155 τροφῆς
1262 3036 1340 3101 νέων
1361 3032 1407 3101 ἔτι
1431 3029 1549 3119 ὄντων,

378 3139 438 3219 τῆς
463 3139 496 3205 ἐν
523 3162 568 3229 τρι
552 3130 713 3222 μεταξὺ
736 3129 844 3226 χρόνῳ
865 3137 1055 3221 γιγνομένης
1067 3130 1226 3257 ρενὲοεῶς
1248 3161 1281 3203 τε
1302 3140 1358 3203 καὶ
1377 3138 1549 3217 παιδείας,

380 3235 513 3322 νὸὴ
498 3232 721 3321 ἐπιπονωτάτη
750 3226 896 3304 ὸοκει
865 3261 956 3305 ειναι
983 3238 1083 3359 πειρῶ
1105 3236 1163 3307 οὐν
1184 3235 1299 3321 εἰπεῖν,
1328 3240 1400 3307 τίνα
1422 3234 1551 3329 τρόπον

380 3346 433 3421 δεῖ
448 3337 625 3431 γίγνεσθαι
647 3336 758 3423 αὐτην.
805 3335 851 3407 06
874 3329 1043 3431 ῥᾴδιον,
1022 3368 1047 3407 ω
1069 3337 1233 3429 εὔδαιμον,
1256 3330 1385 3425 τόνδ’
1369 3338 1440 3429 ἐγὼ,
1463 3345 1549 3411 666-

380 3453 468 3515 θεῖν·
495 3441 620 3524 πολλάς
639 3442 704 3536 γάρ
726 3440 882 3563 άπιρτὶας
902 3444 965 3532 ἔχει
987 3442 1035 3510 ἔτι
1054 3445 1180 3533 μάλλον
1206 3447 1268 3515 τῶν
1283 3446 1490 3574 ἔμπροσθεν
1505 3436 1549 3523 ῶν

380 3546 580 3637 διήλθομεν.
605 3575 664 3616 και
683 3543 747 3640 γάρ
776 3542 819 3626 ῶς
841 3545 966 3616 δυνατά
987 3550 1130 3633 λέγεται,
1160 3544 1319 3617 ἀπιστοῖτ’
1350 3546 1408 3631 66,
1436 3554 1495 3617 καὶ
1522 3552 1548 3619 εί

379 3648 433 3723 ότι
452 3644 599 3741 μάλιστα
620 3655 764 3738 γίνοιτο,
792 3646 836 3729 ὡς
857 3646 961 3742 άρισέ
983 3648 1027 3717 άν
1049 3653 1097 3733 εἴη
1119 3652 1262 3735 ταῦτα,
1268 3657 1324 3719 καὶ
1338 3648 1448 3773 ταότρ
1471 3648 1549 3721 άπι·

378 3754 543 3841 στήσεται.
564 3752 617 3823 διὸ
639 3752 679 3836 66
700 3780 755 3821 και
778 3750 873 3831 ὄκνος
894 3778 944 3832 τις
966 3749 1073 3821 αὐτῶν
1095 3745 1282 3836 ἅπτεσθαι,
1305 3752 1351 3843 μὴ
1373 3752 1448 3845 εὐχὴ
1467 3756 1549 3851 δοκμ

379 3854 462 3929 εἶναι
484 3855 502 3927 6
525 3855 632 3946 λόγος,
654 3885 679 3923 ω
663 3844 812 3978 ἵνἰγίλε
795 3862 915 3949 εταῖρε.
958 3860 1053 3939 Μηδὲ
1054 3883 1081 3937 ν,
1105 3844 1224 3940 ἧδ’ι
1205 3884 1255 3936 ος,
1278 3856 1372 3926 ὄκνει
1394 3857 1547 3986 οὔτεγὰρ

377 3958 561 4085 άγνῶμονες
582 3959 655 4034 οὔτε
677 3956 811 4028 άπιστοι
833 3957 908 4027 οὔτε
930 3955 1095 4027 ὃόσνοι’
1065 3984 1096 4027 οι
1118 3956 1343 4048 ἀκουσόμενοι.
1385 3962 1501 4029 Καὶ
1486 3960 1548 4050 εγῶ
1632 3988 1636 3995 ·

378 4060 483 4160 εἶπον
512 4052 537 4133 6
558 4061 701 4158 έίριστε,
719 4049 825 4185 ἦπρν
844 4058 1047 4151 βουλόμενός
1066 4087 1106 4184 με
1127 4060 1402 4158 παραθαρρύνειν
1423 4069 1546 4152 λέγεις,

368 4153 543 4290 Eywff
524 4196 597 4256 εφη.
640 4167 718 4236 Πάν
743 4167 866 4249 τοίνιω,
897 4152 936 4249 ἦν
963 4162 1035 4234 6''
1019 4193 1080 4253 εγω
1086 4218 1096 4249 ,
1124 4164 1317 4237 τούναντίον
1332 4174 1447 4257 ποιεῖς
1479 4196 1546 4237 πι-

379 4269 602 4351 στεύοντος
621 4266 789 4363 μὲνγὰρ
811 4270 911 4361 ἐμοῦ
932 4270 1022 4359 ἐμοὶ
1041 4266 1242 4341 ειδέναιά
1263 4274 1380 4363 λέγω,
1408 4273 1546 4373 καλῶς
