3334 5142
841 406 1073 473 -tsta

371 574 468 658 igitur
486 569 580 655 plene
602 567 748 635 omittere
768 566 908 635 voluisse
930 571 1091 637 Socratem
1112 568 1152 637 de
1173 568 1547 639 mulieramliberbrnm-

372 693 434 762 quc
456 676 682 741 communione
698 671 941 759 disputationem
957 673 1142 752 viderimus,
1167 696 1235 743 eam
1251 679 1406 744 sermonis
1422 684 1545 764 partem

371 778 471 846 mnlto
490 776 612 843 facilins
633 774 743 842 abesse
763 796 857 863 posse
878 785 972 864 patet,
994 799 1095 865 neque
1117 779 1183 845 sive
1205 779 1341 847 additam
1356 779 1423 847 sive
1449 779 1547 845 omis-

371 902 439 949 sum
459 878 729 971 mancamfacere
751 901 894 949 summae¹
911 883 960 948 rei
983 882 1242 966 explicationem
1273 884 1361 951 aliter
1382 891 1489 949 autem
1503 902 1545 948 -se

370 1006 422 1053 res
443 983 548 1061 habet,
570 1004 642 1050 cum
664 1003 703 1050 eu
724 985 878 1051 sermonis
898 993 1001 1070 parte,
1026 1007 1106 1073 quae
1122 1008 1162 1052 ne
1177 995 1267 1053 antea
1282 990 1409 1074 quidem
1428 989 1546 1052 omissa

370 1095 432 1167 est,
455 1097 487 1155 et
507 1090 682 1154 accuratius
704 1088 890 1173 explicanda
907 1091 1036 1165 inisset,
1067 1089 1107 1155 cf.
1130 1092 1268 1177 pete,
1291 1094 1328 1157 Α.
1353 1094 1418 1167 st,
1449 1098 1482 1156 et
1504 1088 1546 1155 ob

370 1214 441 1262 eam
467 1196 568 1260 solem
594 1208 721 1257 causam
750 1191 958 1281 negligentius
987 1201 1117 1261 tractatu
1144 1201 1208 1272 est,
1243 1197 1329 1281 quod
1350 1191 1547 1281 praeviderit

371 1302 532 1393 Socrates,
561 1298 646 1384 quod
675 1303 779 1363 tamen
807 1295 1081 1381 ibisigniiicatum
1103 1305 1250 1374 nonest,
1280 1318 1313 1365 ac
1335 1297 1362 1362 si
1385 1318 1455 1363 eam
1477 1318 1545 1361 rem

368 1403 463 1476 latius
485 1402 699 1485 exposuisset,
731 1405 770 1465 ad
793 1398 1021 1472 eadeduetum
1042 1404 1101 1477 iri,
1130 1422 1212 1487 quae
1234 1409 1367 1486 propter
1388 1400 1545 1465 sermonis

368 1504 596 1593 longitudinem
619 1511 651 1569 et
671 1501 885 1570 difficultatem
907 1505 1066 1591 explicere
1087 1504 1193 1574 nollet
1241 1504 1352 1570 Palam
1369 1512 1416 1571 est
1438 1510 1545 1569 autem

331 1670 334 1675 .
369 1614 431 1677 boc
452 1609 572 1693 lingere
595 1612 758 1682 Socratem
779 1615 815 1673 ut
836 1628 961 1675 censam
983 1607 1114 1675 afferret
1134 1606 1209 1677 salis
1231 1610 1405 1695 speciosam
1427 1616 1459 1674 et
1480 1606 1546 1701 dia-

369 1713 435 1798 logi
455 1711 582 1799 legibus
601 1699 861 1789 consentaneam,
893 1730 950 1778 cnr
971 1712 1055 1779 ¹baec
1076 1715 1158 1779 dnnc
1183 1714 1310 1778 demum
1334 1712 1543 1795 explicentur,

370 1838 428 1884 nec
449 1816 506 1883 illo
525 1816 597 1885 loeo
619 1815 797 1900 diligentius
819 1814 976 1901 explicata
998 1816 1069 1883 sint.
1116 1817 1208 1895 Quod
1239 1836 1297 1882 cnr
1325 1824 1407 1883 vete»
1428 1817 1545 1908 tactum

372 1921 427 1995 sit,
454 1917 577 1986 etiemsi
598 1921 660 1984 iam
681 1921 882 2007 perspicuum
904 1922 974 1985 fore
987 1930 1141 2007 ‘putamus
1164 1942 1204 1986 ex
1225 1922 1264 1985 iis
1285 1941 1368 2006 quae
1390 1938 1462 1984 cum
1484 1922 1546 1984 hoc

369 2026 442 2093 loco
462 2031 529 2090 turn
550 2029 641 2100 antea
662 2021 818 2100 diximus,
841 2030 954 2089 tamen
979 2024 1072 2108 plane
1093 2032 1160 2090 tum
1182 2022 1307 2090 demum
1331 2022 1543 2107 intelligetur,

369 2130 397 2197 si
417 2126 757 2204 demonstraverimus,
787 2147 845 2193 cur
866 2126 905 2193 de
926 2130 995 2193 idea
1020 2130 1090 2193 boui
1114 2130 1147 2193 in
1168 2131 1227 2193 hac
1249 2129 1363 2214 Operis
1384 2136 1476 2211 perte
1500 2126 1546 2193 di·

370 2232 503 2300 centlum
526 2232 752 2297 existimaverit
771 2232 990 2319 pbilosopbus.
1035 2230 1217 2297 Dubitatum
1247 2239 1295 2297 est
1321 2234 1436 2305 etiam,
1470 2252 1546 2296 num

371 2358 410 2405 ca
444 2334 601 2402 sermonis
635 2355 727 2422 pars,
762 2356 825 2421 qua
851 2322 1119 2422 pbilosophorum
1156 2335 1336 2402 instituendi
1367 2327 1451 2401 ratio
1484 2336 1546 2400 late

370 2438 560 2508 describitur
586 2437 630 2504 ad
654 2436 887 2525 liempublicam
913 2442 1080 2526 pertineat·
1097 2460 1136 2504 au
1158 2460 1230 2505 nan.
1276 2439 1309 2504 Sl
1331 2460 1408 2505 vero
1430 2442 1547 2526 proba·

369 2553 436 2611 tum
464 2551 527 2619 est,
554 2545 666 2629 priora
697 2542 802 2607 omnia
829 2563 910 2629 quae
938 2542 977 2609 de
1004 2544 1199 2637 philosophis
1227 2541 1382 2628 disputata
1411 2541 1545 2608 suntad

366 2646 604 2743 Itempnblicem
624 2644 792 2712 referenda
813 2666 901 2724 esse,
924 2646 1003 2714 baec
1024 2648 1143 2714 eodem·
1158 2650 1322 2731 pertinere
1342 2648 1411 2712 ianr
1431 2653 1546 2733 sponte

370 2752 523 2839 sequitur.
575 2749 654 2817 Sed¹
669 2749 878 2817 demonstrari
909 2751 942 2845 id
974 2752 1068 2818 etiam
1096 2760 1200 2838 potest
1222 2772 1266 2817 en
1294 2754 1422 2817 Platone
1451 2754 1542 2833 ipset

369 2855 484 2925 Scribit
509 2854 610 2920 enims
640 2853 705 2921 ἐπεὶ
734 2860 790 2920 καὶ
818 2851 857 2920 τὸ
885 2850 1001 2922 λοιπὸν
1029 2851 1075 2921 οὐ·
1096 2850 1226 2933 centul
1253 2856 1355 2945 ῥᾷςον
1373 2855 1543 2920 ’διελθεῖν

370 2960 542 3027 Coniuncta
561 2957 659 3044 igitur
681 2956 760 3024 baec
781 2967 829 3025 est
851 2954 1006 3027 sermonis
1021 2978 1103 3043 ¹pars
1117 2960 1194 3024 ‘curn
1220 2955 1484 3044 praecedentibus
1507 2978 1545 3022 ex

368 3067 470 3149 iisqne
491 3066 573 3128 adeo
594 3063 746 3147 sequitur.
794 3059 842 3131 Τὸ
863 3066 977 3145 ποῖονς
1011 3065 1093 3129 Τι’να
1115 3057 1238 3150 τρόπον
1257 3063 1545 3151 μεταχειριζομένη

368 3162 465 3244 πόλις
494 3166 701 3258 φιλοσοφίαν
731 3160 782 3236 οὗ
797 3168 965 3232 διολεῖται.
1010 3168 1120 3231 Sermo
1142 3165 1238 3251 igilur
1260 3171 1308 3231 es't
1328 3166 1484 3231 hocloco
1508 3163 1546 3229 de

370 3268 554 3355 Republica,
577 3290 659 3356 quae
682 3276 771 3336 curet
792 3290 832 3334 ne
853 3271 987 3335 intereat
1006 3266 1219 3353 philosophia.
1264 3270 1410 3335 Prbfectc
1426 3271 1546 3333 sibaec

370 3396 434 3441 nnn
454 3372 659 3461 Reipublicae
680 3375 782 3459 gratia
797 3373 1040 3459 explicarentur,
1065 3376 1240 3458 quaesitum
1256 3380 1339 3437 esset
1360 3394 1379 3437 a
1401 3370 1544 3449 Platone,

371 3479 487 3563 qnibn‘s
512 3476 696 3561 instituendi
723 3484 827 3569 esseut
856 3474 1048 3563 disciplinis,
1070 3479 1138 3561 ·qui
1154 3478 1328 3560 philosophi·
1348 3474 1448 3541 futuri
1471 3478 1543 3540 sint.

369 3579 411 3648 τὰ
432 3578 496 3671 γὰρ
519 3578 559 3664 δὴ
580 3576 711 3668 μεγάλα
730 3576 839 3674 πάντα
854 3582 1031 3671 ἐπισφαλῆ,
1053 3584 1118 3661 καὶ,
1140 3578 1178 3645 τὸ
1197 3575 1379 3666 λεγόμενον,
1402 3575 1445 3644 τὰ
1459 3575 1547 3645 καλοὶ

370 3684 416 3777 τῷ
448 3680 520 3753 ὄντι
550 3679 689 3773 χαλεπά.
736 3678 839 3754 Ἀλλ’
876 3675 997 3771 ὅμως,
1040 3683 1132 3773 ἔφη,
1160 3681 1490 3767 ‘lestines-eice
1525 3677 1545 3764 ἡ

371 3783 587 3870 ἀπόδειξις
622 3782 996 3880 τούτονφανεροῦ
1026 3788 1265 3873 γινομενον·
1321 3774 1410 3863 Quae
1446 3788 1545 3871 igitur

368 3893 433 3956 iam
465 3893 608 3959 dicentur
637 3913 675 3957 ee
704 3891 823 3957 faciunt
854 3890 895 3957 ad
928 3892 1203 3957 consummandam
1234 3888 1483 3976 disputationem
1511 3893 1546 3955 de

370 3997 596 4078 mepictratibus
622 3997 821 4079 Reipublicae.
864 3999 943 4060 Nam
972 3994 1067 4082 paule
1099 4001 1191 4059 antea
1223 3995 1345 4059 dixerat
1376 3996 1542 4060 Sdcrates:

372 4098 471 4164 τοῦτο
505 4101 540 4165 δὲ
572 4093 656 4165 αὐτὸ
685 4094 815 4189 ἕῤῥήθη
843 4105 905 4185 μὲν
930 4102 986 4163 καὶ
1013 4092 1101 4177 τότε,
1137 4089 1216 4163 ὅτιΙΙ
1236 4091 1380 4176 δεήσοι
1413 4120 1452 4162 τι
1485 4092 1545 4163 ἀεὶ

372 4201 529 4269 ἐνεῖναι
551 4204 601 4269 ’ἕν
630 4203 675 4297 τῇ
701 4196 817 4268 πόλει
841 4196 976 4287 λό’γον
1005 4198 1096 4288 ἔχον
1124 4201 1196 4282 τῆς
1221 4198 1444 4277 πολιτείας
1474 4196 1545 4266 τὸν

373 4296 826 4397 αὐτὸν,“ὅνιιιρῖνα“ι“οὺ,
849 4299 1134 4389 despolietur,
1156 4300 1370 4390 ἕχοντοὺς
1391 4297 1544 4394 νόμους
