3334 5142
555 376 609 396 ,....
652 342 712 413 1a5
753 378 796 397 .-

66 506 155 591 prod
173 508 329 593 probarit
341 508 456 577 verba:
481 500 524 587 τὰ
545 505 697 577 ἐπίλοιπα
717 500 767 585 dri.
778 498 861 591 petel
881 502 980 575 sobre
999 498 1140 571 λεκτέον.
1162 504 1259 571 xIdam

66 608 253 694 elligitur
274 629 314 675 ex
334 612 373 676 'eo
396 612 481 696 quod
500 608 696 695 praevidisse
715 628 751 673 se
772 605 926 692 signifieat
937 609 1031 673 etiam
1041 609 1087 675 de
1100 605 1148 673 bis
1162 612 1259 696 rebus

66 715 262 779 licendum
290 712 392 791 fore,
410 734 487 800 quas
508 712 669 791 omiserit,
699 714 784 797 quod
807 733 914 779 earum
936 710 1281 798 explicatio‘diltieilis‘

66 824 91 882 et
113 816 300 888 invidiosa
315 818 388 883 fore
409 820 580 887 videretur.
625 818 743 895 Quare·
756 828 826 883 oum
847 816 942 888 vellet
958 819 1099 902 speeiem
1120 819 1260 894 excitare

66 942 75 985 ι
101 942 142 987 se
168 921 360 1007 flagitatum
383 944 452 987 esse
474 928 510 987 ut
530 920 686 987 etiam-de
705 920 765 987 b'ao
785 944 819 987 re
840 923 978 1000 diceret,
1007 929 1048 989 ut
1071 920 1140 989 siue
1168 921 1261 1005 culpa

66 1048 139 1091 eam
165 1046 311 1113 quoque
332 1022 499 1109 pertenere
520 1032 647 1111 posset,
674 1046 738 1099 uua
758 1046 829 1091 oum
850 1025 1017 1093 mulierum
1039 1030 1259 1093 commuuione

66 1140 94 1195 et
123 1130 323 1195 liberorum
354 1130 587 1216 procreatione,
620 1150 699 1215 quos
731 1135 894 1198 sermones
924 1132 1144 1215 subterfugere
1163 1128 1257 1198 *vene

66 1232 266 1309 videbatur,
288 1242 511 1300 commemorat
525 1233 792 1328 quaestionemde
806 1232 1050 1318 magistratibus,
1074 1232 1163 1321 qrrasi
1178 1237 1260 1299 baeo

66 1358 211 1425 quoque
242 1358 297 1403 res
325 1337 372 1423 ad
395 1358 448 1405 eas
469 1340 659 1421 pertineret,
693 1358 770 1425 quas
792 1338 955 1425 explicare
971 1339 1121 1405 noluerit.
1167 1340 1261 1417 Quod

66 1450 182 1507 tamen
214 1455 313 1507 senus
341 1449 398 1507 est.
443 1444 521 1506 Nam
547 1462 610 1507 nee
637 1441 807 1527 flagitatum
832 1441 1051 1529 brissetpuinti
1070 1440 1147 1508 libri
1166 1441 1259 1509 initio

67 1547 253 1611 docuimus
271 1552 311 1625 ut
332 1548 371 1611 de
393 1540 451 1611 bae
473 1547 567 1610 etiam
582 1566 618 1610 re
633 1547 763 1623 diceret,
788 1568 848 1612 nec
861 1544 1072 1631 prioreslibri
1086 1548 1258 1633 quidquam

70 1651 269 1726 continent,
308 1669 348 1715 ex
371 1648 433 1735 quo
456 1649 563 1735 colligi
583 1650 684 1733 possit
706 1652 867 1716 Socratem
894 1654 978 1716 buno
1006 1650 1045 1715 de
1070 1650 1260 1735 magistrati·

70 1751 129 1819 bus
156 1773 349 1819 sermonem
370 1755 497 1838 fugisse.
540 1753 625 1819 Dixit
643 1755 727 1819 enirn
743 1754 837 1820 tertio
853 1751 936 1820 libro
955 1756 995 1819 de
1015 1751 1257 1839 magistratibus,

73 1866 104 1922 et
125 1856 287 1923 sulficere
313 1857 503 1925 ridebantur
525 1856 582 1922 illo
610 1856 680 1923 loco
704 1860 804 1934 diem,
837 1859 1024 1942 praesertim
1050 1858 1134 1923 siin
1160 1875 1258 1944 quae-

71 1965 177 2027 renda
200 1963 338 2038 iustitia,
371 1982 436 2028 uon
459 1963 493 2028 in
513 1960 702 2047 Republica,
733 1969 913 2027 versaretur
940 1960 1094 2047 dialogus.
1140 1960 1257 2028 Callide

75 2075 183 2132 autem
209 2065 265 2133 bis
288 2085 382 2153 quae·
395 2066 458 2131 iarn
481 2066 620 2131 dicturus
644 2072 692 2131 est
702 2066 864 2151 praelusit
887 2068 926 2131 iis
949 2086 1030 2151 quae
1055 2085 1087 2153 p.
1109 2065 1186 2142 tar,
1218 2066 1254 2129 G.

78 2170 260 2253 leguntur:
287 2166 391 2236 ’ταῦτα
412 2172 448 2235 δὲ
475 2164 568 2235 αὐτὸ.
584 2164 716 2263 ι”ῥρἡθη
744 2172 885 2257 pta-arel
901 2164 975 2235 τότε
982 2220 992 2250 ,
1012 2160 1073 2235 ’ὅτι
1094 2163 1260 2251 detinuere

78 2268 128 2339 sisi
156 2275 285 2341 ἐνεῖναι
312 2274 345 2339 ἐν
372 2272 411 2366 τῇ
440 2267 535 2339 πόλιν·
559 2268 659 2357 λόγον
675 2272 760 2361 Ιἔχειν
774 2270 847 2355 ἑτῆξ
871 2272 1038 2350 edictalem
1063 2268 1125 2340 ’τὸν
1143 2266 1255 2353 αὐτὸν,

80 2366 177 2466 όνπερ
201 2382 261 2444 καὶ
284 2372 378 2454 σὺ,ο
367 2370 639 2463 νομοθέτης,’
620 2400 699 2465 ιχιιν
719 2372 796 2455 τοὺς
817 2372 939 2463 νόμοις
941 2374 1095 2455 itidem,
1132 2370 1255 2466 Ἐῤῥὴ

79 2482 129 2596 θη
158 2476 244 2566 γὰρ,
275 2478 350 2571 ἔφη.
387 2474 475 2547 ''Att
505 2476 565 2567 οὐχ
591 2480 724 2559 ἱκανῶς,
756 2470 863 2561 εἶκον,
892 2474 1063 2562 ἐδηλώθη,
1091 2468 1237 2572 φόβῳ
1211 2502 1256 2546 ων

81 2576 171 2669 ὑμεῖς
193 2578 518 2671 ἀντιλαμβανόμενοι
540 2584 740 2665 δεδηλώκατε
760 2580 892 2671 μακρὰν
912 2589 967 2651 καὶ
985 2580 1133 2672 golanda
1151 2577 1256 2649 αὐτοῦ

83 2682 139 2765 τὴν
160 2680 342 2769 abodoritos,
365 2712 394 2753 κ
413 2710 446 2753 τ.
469 2688 493 2755 ἑ.
524 2688 614 2765 Quis
639 2696 745 2779 autem
773 2690 935 2757 Socratem
955 2709 1033 2755 rere
1055 2708 1116 2808 per
1135 2685 1255 2753 callidi·

85 2794 178 2857 tatem
201 2786 327 2877 fugisse
344 2788 472 2877 putabit
492 2793 550 2857 bos
576 2811 759 2871 sermones,
790 2788 886 2861 οὐδὲν
913 2788 952 2858 τὸ
977 2787 1087 2884 σοφόν
1107 2814 1165 2879 μοι
1186 2792 1254 2876 e'ys'-

85 2900 173 2959 aesot
195 2930 239 2947 --
264 2892 432 2991 Quis-non
456 2896 543 2961 ridet
563 2894 721 2965 declinare
746 2896 886 2982 potuisse
900 2898 1061 2971 Soejrnem
1085 2894 1169 2961 buno
1188 2914 1255 2961 ser·
1303 2928 1312 2954 o

87 3016 227 3077 monem,
255 3000 294 3065 si
310 2995 357 3065 af
371 3001 536 3084 proposito
564 3000 670 3085 operis
697 2999 759 3067 fiae
784 3000 906 3067 alienus
936 3004 1058 3067 esseti‘
1083 2998 1160 3078 Quis
1192 2996 1255 3065 sibi

87 3096 481 3199 persuadebit·fspoesatem
512 3105 729 3191 gravissimam
762 3104 916 3171 sermonis
948 3112 1089 3192 partem,
1128 3102 1253 3172 silentio

91 3205 220 3273 voluisse
243 3203 442 3283 tramittaret
480 3208 648 3294 Numqui
653 3226 737 3275 nuno
758 3206 902 3293 sequritur
922 3227 1040 3284 sermo,
1068 3206 1253 3294 ispertiuet

92 3312 128 3372 ad
143 3332 283 3381 summos
298 3307 491 3397 reipublicae
512 3313 729 3398 magistratus,
755 3313 933 3378 ascenditur
950 3315 991 3377 ad
1008 3313 1041 3377 id
1058 3307 1252 3398 reipublicae
1328 3399 1331 3404 Ι

93 3412 294 3503 principium,
321 3414 439 3481 unde
429 3410 499 3501 rpsa
519 3416 652 3495 iustitia,
680 3430 759 3503 qnae
783 3424 832 3535 est
854 3414 1091 3522 fundamentum
1113 3417 1250 3521 optimae

93 3518 294 3603 reipublicae,
324 3516 516 3585 derivatur.

174 3625 282 3689 Omnis
310 3642 387 3688 vero
416 3620 635 3709 disputationis
669 3625 766 3690 ordo
773 3645 792 3688 a
819 3625 929 3710 quinto
947 3567 1039 3690 libro
1062 3627 1126 3691 bue
1149 3637 1250 3713 usque

98 3718 237 3793 deductus
255 3728 298 3791 ita
312 3724 425 3792 babet:
447 3726 473 3791 li
493 3730 679 3813 quibusdum
699 3726 938 3812 colloquebatur
955 3731 1099 3795 Socratm
1112 3732 1259 3822 primum

98 3829 320 3910 postulaverant
338 3838 373 3895 ut
388 3834 428 3896 de
445 3830 612 3899 mulierum
632 3832 867 3919 liberorumque
878 3831 1102 3906 eommunioue
1120 3832 1247 3899 diceret

101 3930 179 4005 Quae
206 3936 259 3999 ubi
289 3937 363 4003 satis
394 3938 557 4021 exposuit,
593 3937 811 4002 necessitatem
845 3936 905 4002 sibi
929 3936 1188 4023 imponipots‘tur
1210 3944 1249 4002 ut

100 4030 135 4098 de
154 4056 207 4115 eo,
242 4032 348 4105 utrum
361 4040 450 4105 bueo
476 4030 565 4106 utilia
592 4038 653 4107 siut
679 4047 710 4107 et
731 4039 800 4106 lieri
823 4040 961 4128 possint,
996 4040 1137 4111 disserat
1179 4044 1247 4109 Iam

101 4137 184 4221 plane
206 4141 391 4210 sadsfaotunr
418 4148 486 4211 erat
507 4144 600 4211 etiam
614 4140 699 4211 -buie
719 4144 876 4211 desiderio
905 4143 1115 4223 audientium,
1149 4154 1248 4212 ιαιιαι
1282 4167 1284 4170 ’

101 4257 171 4309 tuoe
188 4264 292 4315 nouam
314 4267 477 4315 samonem
491 4248 672 4333 ingreditur,
697 4251 922 4335 replicabam,
950 4250 1056 4334 qaae
1078 4250 1248 4335 disciplinis
