3334 5142
836 408 1063 473 -322-

363 562 622 651 διεληλύθαμεν,
643 563 810 642 πολιτείας
830 566 879 647 εἴη
893 561 934 633 ίίν
949 560 1086 656 τρόπος,
1109 564 1358 653 ἐπονομασθείη
1373 564 1403 635 δ
1419 564 1462 636 clv
1484 576 1540 637 καὶ

363 674 446 760 διχῆ.
468 671 675 755 ἐγγενομένου
695 664 840 758 μὲνγὰρ
867 664 989 759 ἀνδρὸς
1010 664 1081 746 ἑνός
1103 670 1136 737 ἕν
1157 676 1227 748 τοῖς
1254 666 1393 761 ὔργουσι
1421 675 1541 765 διαφέ-

362 800 478 866 ροντος
498 771 651 856 βασιλεία
680 767 722 839 ίίν
742 770 900 853 κληθείη,
928 766 1086 839 πλειόνων
1112 773 1147 837 δὲ
1168 767 1398 861 ὔριςοκρατία.
1439 770 1541 857 Ἀλη-

363 880 429 962 θῆ,
451 875 525 966 ἔφη.
573 874 680 941 Τοῦτο
700 881 762 958 μὲν
790 875 918 955 τοίνυν,
947 860 989 955 ἦν
1010 869 1040 941 δ’
1065 870 1144 959 ε’γιί,
1170 866 1206 941 ’έν
1228 865 1315 955 εἶδος
1339 880 1438 962 λέγω·
1450 875 1540 945 οὔτε

360 978 426 1070 γὰρ
451 975 492 1045 ὔν
519 977 650 1055 πλείους
676 973 751 1043 οὔτε
777 969 823 1055 εἷς
852 972 1059 1063 ἐγγενόμενος
1091 972 1248 1057 κινήσειεν
1280 974 1321 1045 ἂν
1348 980 1413 1047 τῶν
1442 974 1541 1061 ἀξίων

361 1078 462 1169 λόγου
482 1076 591 1165 νόμων
612 1080 670 1161 τῆς
691 1071 830 1160 πόλεως,
858 1080 968 1175 τροφῇ
990 1104 1023 1146 τε
1052 1085 1106 1147 καὶ
1128 1081 1262 1171 παιδείᾳ
1288 1072 1539 1175 χρησόμενοςῇ

360 1180 554 1270 διήλθομεν.
602 1178 647 1248 Οὔ
668 1179 734 1271 γὰρ
756 1177 858 1261 εἰκὸς,
880 1181 954 1274 ἔφη.
976 1189 1007 1249 ct
1020 1182 1095 1249 libri
1117 1186 1218 1269 quinti
1238 1183 1348 1250 initio:
1368 1180 1537 1269 Ἀγαθήν

359 1294 418 1371 μὲν
438 1286 546 1353 τοίνυν
567 1283 625 1367 τήν
647 1281 803 1366 τοιαύτην
816 1280 914 1352 πόλιν
935 1309 969 1352 τε
983 1291 1039 1352 καὶ
1053 1286 1222 1353 πολιτείαν
1236 1292 1290 1353 καὶ
1306 1282 1422 1377 ὀρθήν
1437 1288 1540 1367 καλῶ,

358 1395 414 1464 καί
435 1385 541 1474 ἄνδρα
564 1386 622 1456 τόν
642 1389 802 1456 τοιοῦτον·
824 1385 928 1466 κακόις
949 1390 985 1455 δὲ
1006 1384 1067 1467 τόις
1088 1384 1192 1466 ὔλλας
1214 1394 1270 1455 καὶ
1290 1383 1538 1479 ἡμαρτημένας,

359 1495 446 1583 εἴπερ
466 1484 552 1574 αὔτη
574 1488 684 1582 ὀρθή,
713 1492 786 1580 ιτερί
807 1514 842 1557 τε
870 1486 996 1558 πόλεων
1024 1486 1203 1577 διοικήσεις
1224 1496 1280 1559 καλ
1308 1497 1382 1579 περὶ
1401 1488 1540 1559 ἰδιωτῶν

358 1597 470 1687 ψυχῆς
490 1589 615 1684 τρόπον
638 1590 857 1675 κατασκευήν,
878 1594 911 1661 ἐν
932 1596 1086 1681 τέτταρσι
1107 1594 1266 1685 πονηρίας
1287 1595 1405 1662 εἴδεσιν
1425 1591 1539 1673 οὔσας.

358 1699 508 1787 Βίνετεεε
538 1704 642 1764 autcm
671 1697 755 1764 vireo
785 1718 868 1782 quaa
903 1696 937 1761 in
967 1699 1006 1763 iis
1039 1698 1222 1765 harmonice
1251 1699 1415 1764 ordinatae
1444 1707 1535 1774 sunt,

359 1812 430 1867 sunt
451 1801 538 1888 ipsae
559 1810 624 1867 trca
644 1800 742 1865 animi
762 1798 928 1868 facultates
949 1821 1020 1865 cum
1047 1809 1183 1885 quatuor
1210 1800 1379 1867 virtutibus
1401 1809 1433 1866 ct
1454 1800 1538 1867 vifiis

338 1904 514 1998 ¹primariis
542 1913 575 1969 ot
595 1904 758 1990 principiis
780 1907 921 1987 quinquo
951 1902 1130 1979 civitatum,
1161 1922 1294 1990 qnarum
1324 1903 1480 1969 clementa
1499 1905 1534 1969 in

357 2016 495 2091 utroquo
531 2007 712 2072 harmoniae
744 2022 861 2089 goncio
899 2013 1078 2091 supersunt.
1134 2003 1236 2071 Verba
1270 2011 1340 2096 τρὶς
1377 2001 1538 2087 αὐξηθείς

358 2109 534 2193 significant
576 2114 669 2175 toties
707 2110 811 2193 rcpcti
849 2109 1142 2193 multiplicationem
1179 2112 1353 2195 πυθμένος
1392 2103 1537 2194 πεμπάδι

359 2215 551 2296 συζυγέντος
580 2211 681 2277 donec
708 2212 923 2299 multiplicatio
955 2214 1095 2298 perlecta
1124 2211 1277 2279 videami-
1322 2214 1399 2277 Nam
1428 2214 1535 2294 plures

358 2336 422 2405 non
443 2323 517 2380 sunt
537 2334 707 2397 corporum
729 2314 958 2389 dimensiones,
979 2336 1060 2399 quas
1082 2324 1212 2391 vocant,
1236 2334 1332 2400 qnam
1354 2322 1431 2383 tras.
1473 2318 1536 2380 Ter

357 2418 453 2501 igitur
473 2426 564 2484 aucta
585 2416 654 2483 basi
674 2416 890 2503 multiplicatio
913 2416 1051 2502 perfecta
1072 2424 1130 2483 cst.
1177 2415 1223 2487 Ci.
1246 2417 1302 2483 lib.
1324 2418 1379 2481 Ili.
1402 2438 1436 2499 p.
1457 2417 1533 2493 587,
1652 2452 1653 2495 ι

358 2525 396 2586 D.
442 2516 545 2587 Κατὰ
566 2522 602 2585 δὲ
624 2515 764 2605 δύναμιν
791 2524 864 2585 καὶ
885 2520 1033 2610 τρίτην
1061 2516 1201 2601 αὔξην,
1230 2520 1331 2605 δῆλον
1360 2516 1419 2605 δή,
1452 2513 1535 2584 σἰιτό-

357 2647 476 2692 στασιν
490 2613 570 2703 ὅσην
584 2618 777 2713 ἀφεστηκὼς
790 2622 944 2707 γίγνεται.
990 2622 1116 2707 Δῆλον,
1137 2621 1212 2714 ἔφη,
1234 2622 1280 2714 τῷ
1298 2646 1334 2707 γε
1348 2621 1536 2712 λογιστικῷ.

361 2722 487 2793 Οὔκοῦυ
508 2720 565 2791 ἐοίν
586 2748 637 2803 τις
655 2727 893 2818 μεταστρέψας
914 2720 1063 2816 ἀληθείᾳ
1082 2719 1206 2810 ἡδονῆς
1233 2720 1290 2792 τὸν
1310 2726 1452 2809 βασιλέα
1480 2723 1538 2791 τοι]

358 2823 520 2916 τυράννου
535 2822 749 2918 ἀφεστηκότα
762 2831 839 2921 λέγη
855 2820 936 2897 ὅσον
950 2824 1133 2921 ἀφέστηκα
1138 2878 1149 2909 ,
1169 2827 1536 2897 ἐννεακαιεικοσικαιεπ-

357 2926 673 3009 τακοσιοπλασιάκις
692 2923 789 3015 ἥδιον
803 2927 907 2999 αὐτόν
927 2931 1032 3013 ζῶντα
1054 2925 1183 3021 εὑρήσει
1206 2930 1467 3023 τελεωθείση
1490 2932 1536 3024 τῇ

356 3029 715 3115 πολλαπλασιώσει,
737 3029 795 3101 τόν
816 3036 853 3100 δὲ
874 3029 1033 3124 τύραννον
1045 3028 1259 3123 ἀνιαρότερον
1272 3033 1312 3127 τῇ
1331 3028 1415 3127 αὐτῇ
1431 3027 1534 3126 ταότη

356 3133 547 3206 ἀποστάσει.
589 3139 639 3201 Ad
660 3159 754 3222 quom
774 3136 881 3205 locum
903 3138 1113 3205 Schneidcrus
1133 3137 1195 3203 ita:
1222 3137 1274 3201 »in
1289 3134 1408 3223 quibus
1421 3137 1534 3228 τρίτην

354 3239 455 3323 αὔξην
477 3263 536 3325 pcr
556 3242 744 3327 cpexcgcain
764 3244 805 3306 ad
827 3236 965 3325 δύναμιν
987 3240 1128 3305 additum
1150 3248 1206 3305 cst.
1251 3239 1378 3305 Scilicet
1396 3242 1533 3326 quadra·

354 3355 423 3413 tum
442 3365 571 3432 quoquo
591 3341 678 3410 κατὰ
700 3339 840 3429 δύναμιν
864 3344 1002 3419 exsistit3
1033 3344 1122 3409 cuius
1143 3342 1318 3429 mentiosi
1339 3362 1403 3407 non
1427 3344 1532 3408 obiter

356 3457 476 3515 tantum
496 3446 579 3513 iacta
598 3455 697 3522 essct.
719 3445 789 3513 ficri
811 3449 857 3513 sic
877 3456 1018 3532 poterat,
1043 3456 1078 3513 ut
1092 3442 1178 3514 κατὰ
1193 3440 1334 3531 δύναμιν
1348 3450 1404 3510 καί
1426 3446 1535 3511 δευτέ-

356 3575 419 3638 ραν
430 3548 531 3631 αὔξην
540 3550 619 3617 oriri
631 3572 672 3617 ox
683 3549 887 3633 longitudinis
902 3570 1035 3615 numero
1049 3549 1219 3615 dicaretur.
1254 3551 1344 3615 Nunc
1358 3549 1448 3633 quasi
1462 3544 1535 3611 cubi

356 3653 483 3722 demum
493 3658 527 3720 in
538 3651 704 3719 ciicctionc
715 3652 890 3738 potentiam
902 3673 990 3720 auam
1001 3652 1306 3736 longitudooxaorat
1323 3648 1534 3717 hincnasccm

355 3753 534 3821 (liiicrcntia
548 3752 634 3822 κατὰ
647 3751 787 3842 δύναμιν
800 3761 855 3821 καὶ
873 3756 983 3845 τρίτην
995 3753 1095 3835 αὔξην
1113 3753 1198 3822 nasci
1220 3755 1368 3819 dicituro
1414 3750 1463 3817 Cf.
1479 3750 1533 3819 lib.

355 3860 422 3923 VII.
434 3879 467 3944 p.
480 3859 554 3925 528.
570 3861 616 3926 St.
654 3861 764 3944 itaqua
778 3861 870 3948 τρίτη
884 3854 965 3939 αὔξη
980 3867 1012 3923 ct
1027 3860 1228 3924 τελεσθεῖσα
1242 3855 1535 3930 πολλαπλασίωοις

355 3960 466 4029 cadcm
486 3974 574 4037 aunt,
596 3969 629 4027 ct
637 3964 761 4047 tyranni
782 3952 912 4027 minaria
926 3969 993 4027 tum
1006 3962 1147 4027 numeria
1161 3958 1254 4046 plene
1277 3956 1534 4044 exprimitur‚.si

354 4064 560 4149 longitudinis
579 4085 731 4133 numerus
752 4075 799 4129 ειν
819 4072 926 4129 auctus
943 4066 1046 4147 [τιτλε.
1090 4066 1137 4129 lta
1164 4063 1261 4147 igitur
1293 4064 1387 4127 etiam
1408 4062 1535 4127 divorsa

354 4166 516 4233 civitatum
537 4188 671 4251 gonaro,
693 4168 885 4242 harmonian,
908 4169 948 4232 ad
969 4164 1065 4233 finam
1086 4186 1178 4233 suum
1195 4164 1375 4252 pervenisse
1389 4172 1528 4231 stamen·

356 4267 448 4349 dum,
476 4270 505 4335 si
529 4270 692 4358 ἐπίτριτος
712 4267 855 4356 πυθμήν
876 4264 1020 4356 πεμπάδι
1041 4270 1188 4355 συζυγεὶς
1215 4275 1263 4335 ter
1289 4275 1399 4333 auctus
1421 4264 1533 4339 fucrit,
