3334 5142
599 425 826 488 ..325-

118 586 244 648 verba:
268 585 324 646 καλ
344 579 456 672 φῶμεν
477 575 581 658 αὐτὰς
602 581 777 670 τραγικῶς,
804 575 848 658 ὡς
868 575 951 668 πρὸς
971 581 1094 657 παῖδας
1114 572 1202 665 ἡμᾶς
1223 603 1300 665 παι-

118 680 250 765 ζούσας
271 687 327 749 καλ
349 677 602 772 ἐρεσχηλούσας,
625 677 668 760 ὡς
689 679 729 768 δὴ
754 681 880 776 σπουδῇ
894 676 1055 768 λεγούσας
1073 677 1302 770 ὑψηλολογου-

68 783 77 794 ’
117 790 229 872 μένας
251 789 373 871 λέγοινς
396 789 466 851 Non
487 785 623 852 absimili
643 787 766 851 ratione
786 789 811 852 Ι.
833 787 868 850 Ρ.
892 787 1057 852 Richterus
1082 787 1116 849 in
1137 787 1297 870 Hespero:

120 887 169 954 da
199 890 260 955 wir
289 895 396 953 setzen
428 887 556 965 dimon,
589 893 660 954 dass
693 893 748 954 das
776 887 1123 972 Ileoschengeseblecbt
1153 907 1189 952 so
1218 887 1300 952 niele

119 996 356 1057 Jahrtansende
387 990 477 1066 lebe,
510 994 556 1056 als
593 990 651 1057 der
687 991 814 1056 Menscb
847 993 950 1055 Jahre.
1004 989 1157 1054 Videntur
1190 987 1302 1055 eodem

120 1098 283 1160 trahenda
303 1115 373 1159 esse
393 1098 488 1159 baec:
513 1089 552 1160 οὐ
572 1089 676 1180 μόνον
696 1099 815 1184 φυτοῖς
837 1094 972 1178 ἐγγείοις
993 1087 1081 1158 ἄλλα
1102 1097 1156 1158 καὶ
1180 1091 1213 1160 ἐν
1234 1093 1303 1158 ἐπι·

120 1198 229 1281 γείοις
249 1191 343 1278 ζώοις
364 1193 455 1289 φοραί
470 1201 525 1262 καὶ
541 1191 669 1288 ἀφορία
691 1197 801 1290 ψυχῆς
822 1221 857 1262 τε
877 1201 932 1262 καί
948 1191 1107 1283 σωμάτων
1120 1194 1302 1280 γίγνονται,

121 1291 210 1366 ὅταν
231 1305 425 1386 περιτροπαὶ
446 1294 597 1378 ἑκάστοις
625 1295 749 1366 κύκλων
776 1294 962 1390 περιφορὰς
990 1291 1189 1379 ξονοίπτωσι,
1218 1299 1303 1386 βρα-

118 1402 255 1491 χνβίοις
273 1409 334 1489 μὲν
353 1397 600 1491 βραχυπόρους,
628 1403 786 1480 ἐναντίοις
815 1405 851 1467 δὲ
873 1401 1030 1479 ἐναντίας.
1075 1399 1121 1464 Cf.
1145 1400 1197 1469 lib,
1219 1403 1301 1464 VIII.

121 1528 159 1589 p.
184 1507 256 1570 500.
282 1507 325 1569 St
368 1508 505 1570 Alteram
534 1508 749 1578 harmoniam,
772 1526 796 1572 s.
818 1504 979 1570 civitatum
1009 1503 1161 1568 malarum
1187 1504 1301 1569 seriem

122 1611 212 1672 7500
242 1628 340 1672 anuos
368 1607 483 1672 durare
510 1608 596 1672 Plato
623 1609 751 1674 iudicat.
798 1611 855 1673 Est
882 1606 933 1671 hio
964 1627 1091 1690 quoque
1119 1609 1302 1671 arbitrarius

122 1731 292 1784 numerus,
320 1708 376 1776 sed
402 1713 590 1775 conveniens
618 1710 727 1796 priori.
769 1714 849 1775 Nam
882 1710 907 1774 si
936 1709 1110 1775 normalem
1145 1709 1300 1784 bominis,

122 1817 160 1877 in
182 1812 321 1897 perfecta
349 1813 473 1877 civitate
495 1815 642 1891 viventis,
672 1821 803 1878 aetatem
820 1822 945 1880 centum
967 1835 1065 1878 annos
1081 1833 1149 1876 esse
1172 1821 1300 1888 statuas,

123 1917 482 2002 septuagintaquinque
510 1936 607 1982 annos
635 1916 755 1982 tribuas
781 1915 962 1982 bominibus
983 1919 1016 1981 in
1038 1915 1235 1990 civitatibus,
1268 1925 1301 1978 ut

123 2023 316 2105 plerumque
340 2030 427 2096 sunt,
451 2019 546 2084 vitam
568 2019 770 2104 degentibus,
798 2020 826 2084 si
851 2019 941 2085 alteri
968 2018 1149 2084 barmoniae
1176 2039 1200 2082 s.
1223 2019 1301 2082 civi-

123 2125 183 2187 tati
209 2126 574 2198 bonae10,000annos
605 2125 761 2208 assignes,
790 2131 857 2187 tum
879 2129 963 2186 recte
992 2124 1076 2186 7500
1102 2142 1201 2186 annos
1228 2119 1302 2183 civi·

123 2234 226 2289 tatum
252 2229 492 2308 depravatarum
522 2229 617 2298 seriei
650 2226 833 2312 assignabis.
879 2227 939 2290 Sed
967 2223 1180 2308 expendamus
1206 2221 1302 2287 verba

124 2325 269 2408 singula,
303 2325 336 2390 in
368 2325 482 2411 quibus
519 2329 712 2411 explicandis
746 2338 838 2394 antea
873 2329 1060 2394 erravimus.
1107 2327 1303 2392 Iliamelrum

124 2426 258 2492 alicuius
284 2427 409 2492 numeri
436 2428 645 2493 Schneiderus
674 2451 746 2494 eum
776 2452 942 2497 nnmerum
969 2433 1032 2495 dici
1056 2433 1182 2505 docuit,
1214 2432 1303 2494 cuius

125 2533 299 2614 quadratus
325 2530 440 2616 duplex
461 2530 501 2595 sit
526 2531 670 2615 quadrati
695 2534 775 2597 allus
796 2533 929 2597 numeri.
975 2535 1022 2596 of.
1047 2531 1147 2617 prael.
1172 2535 1212 2595 ad
1236 2529 1300 2596 vol.

125 2637 183 2697 111.
213 2655 246 2716 p.
277 2636 391 2698 XXVI.
443 2636 529 2698 Idem
564 2631 698 2699 addidit:
737 2634 913 2710 »Quoniam
948 2634 1051 2699 nullus
1086 2635 1126 2698 sit
1154 2653 1303 2699 numerus

126 2734 314 2820 quadratus,
337 2735 391 2821 qui
416 2735 535 2819 duplex
555 2736 596 2800 sit
617 2738 762 2820 quadrati
783 2736 879 2815 alius,
909 2735 1056 2801 diametri
1076 2755 1193 2800 nomen
1207 2735 1304 2800 aritb·

129 2838 262 2903 meticos
288 2839 328 2902 iis
354 2839 496 2903 numeris
528 2838 696 2915 indidisse,
731 2859 868 2924 quorum
899 2840 1041 2925 quadrati
1071 2859 1134 2903 non
1168 2839 1304 2921 amplius

126 2945 263 3006 monade
295 2940 458 3006 differrent
479 2962 497 3005 a
517 2941 680 3027 duplicatis
712 2943 885 3028 quadratis.
929 2944 976 3005 Ita
1001 2944 1217 3024 septenarium,
1238 2943 1304 3004 dio-

126 3056 255 3109 metrum
275 3047 412 3128 quinarii
433 3046 577 3126 effodilcm
597 3067 690 3109 τοττι
735 3047 835 3111 Ροιτο
850 3040 1023 3134 ἀριθμοὺς
1040 3039 1106 3109 ἀπὸ
1121 3045 1304 3131 διαμέτρων

127 3146 189 3211 dici
214 3156 335 3212 constat
357 3167 506 3211 numeros
531 3151 571 3211 ab
600 3145 669 3232 ipso
698 3147 854 3213 diametro
880 3149 1056 3231 proiectos,
1084 3147 1113 3211 b.
1131 3168 1160 3211 e.
1185 3145 1303 3212 diame-

128 3259 250 3313 trorum
282 3254 460 3334 qnadratos.
505 3249 714 3316 Schneiderus
741 3259 776 3316 ut
806 3253 839 3315 id
870 3254 1019 3336 probaret
1048 3255 1131 3316 hunc
1161 3251 1305 3314 Menonis

128 3353 233 3416 locum
263 3352 382 3416 attulit:
410 3349 476 3418 ἀπὸ
506 3354 565 3433 τῆς
591 3354 768 3431 διπλασίας
790 3349 828 3418 οὐ
859 3348 1047 3432 διπλάσιον,
1075 3349 1162 3419 ἀλλὰ
1190 3375 1304 3441 τετρα-

127 3449 270 3518 πλάσιον
290 3455 431 3537 γίγνεται
452 3457 581 3542 χωρίον.
616 3457 662 3522 ef.
684 3479 715 3540 p.
741 3459 800 3533 83,
820 3458 856 3520 Β.
880 3457 924 3520 St.
956 3451 1120 3543 Ἀριθμοὶ
1143 3451 1209 3520 ἀπὸ
1232 3458 1304 3520 δια-

127 3559 253 3642 μέτρων
275 3557 379 3640 ῥητῶν
401 3554 569 3642 πεμπάδος
600 3555 747 3644 δεόμενοι
768 3555 840 3635 ἑνὸς
861 3561 993 3624 ἕκαστοι
1014 3568 1086 3624 sont
1102 3558 1198 3642 igitur
1214 3559 1305 3622 unde-

128 3662 394 3742 pace'npuapeoorie',
418 3660 531 3744 quibus
551 3662 681 3747 singulis
708 3684 804 3728 unum
834 3661 938 3735 deest,
963 3665 994 3725 h.
1016 3684 1043 3730 e.
1064 3663 1305 3743 dccchiaqea-

128 3765 264 3845 pecarii,
287 3771 321 3824 ut
343 3771 429 3827 recte
450 3764 527 3830 vidit
547 3768 768 3830 Schneiderus.
814 3764 862 3828 CI.
883 3767 905 3828 l.
924 3764 944 3828 Ι.
971 3786 1003 3847 p,
1024 3766 1196 3828 LXXXXI.
1220 3766 1305 3828 ulam

129 3885 226 3949 quum
242 3864 395 3928 diameter
420 3867 555 3931 effabilis
581 3871 718 3951 quinarii
737 3870 934 3953 septenarius
948 3873 1005 3942 sit,
1032 3867 1121 3932 cuius
1135 3870 1305 3951 quadratus

129 3969 498 4053 undequinquagenarius
526 3979 589 4045 est,
615 3991 870 4055 unumquemque
897 3980 1020 4035 centnm
1044 3969 1171 4034 illorum
1196 3989 1306 4036 nume·

129 4091 258 4144 rorum,
281 4070 399 4156 quippe
430 4071 482 4136 cui
497 4092 606 4137 monas
628 4077 667 4137 ad
690 4078 876 4160 quadratum
893 4077 1003 4138 deesse
1027 4075 1162 4148 dicatur,
1186 4075 1306 4138 duode-

130 4174 432 4257 quinquagenarinm
461 4195 531 4239 esse
560 4179 794 4261 consequitur«
849 4176 962 4241 Verbis
988 4171 1138 4266 ἆρῥήτων
1160 4179 1196 4242 δὲ
1218 4177 1305 4242 δυοῖν

130 4277 262 4339 eandem
289 4298 356 4342 rem
403 4276 573 4361 significari
601 4282 801 4345 Hermannus
831 4278 990 4346 intellexit.
1045 4278 1092 4344 CI.
1124 4278 1144 4345 I.
1163 4279 1184 4343 Ι.
1210 4299 1242 4365 p.
1255 4279 1306 4344 v1.
