3334 5142
442 1349 444 1358 .
501 1225 520 1256 ⁷
596 1218 1052 1378 Reipublioneliber
1079 1238 1350 1372 sedendus..

648 1605 668 1666 Ι·
721 1674 724 1684 ·
834 1657 1125 1765 emersos.¹
1321 1643 1366 1726 ᾗ
1629 1628 1630 1705 i

419 1836 610 1899 Extrema
638 1833 733 1916 primi
760 1831 832 1900 libri
862 1841 964 1918 parte
981 1782 1240 1900 demonstratum
1249 1832 1361 1902 iverat
1384 1839 1573 1908 Socrates,
1629 1820 1631 1917 i

375 1945 524 2024 quantum
547 1936 663 2003 iustitia
685 1936 868 2004 iniustitiae
874 1947 1060 2021 praestaret,
1082 1939 1151 2022 ipse
1174 1946 1279 2003 tamen
1300 1937 1485 2018 confessus,
1515 1958 1574 2002 ar·
1629 1950 1630 1959 ’

374 2040 607 2125 gumentatione
629 2063 685 2108 sua
706 2041 783 2107 nihil
805 2041 952 2121 effectum
973 2042 1085 2117 rideri,
1105 2042 1260 2131 quoniam
1275 2042 1479 2126 explicatum
1498 2063 1571 2106 non

373 2148 422 2218 sit.
446 2145 522 2232 quid
544 2145 583 2210 sit
603 2145 731 2211 iustitia.
773 2151 851 2212 Rem
880 2136 978 2230 igitur
1003 2151 1051 2211 eo'
1068 2147 1131 2211 iam
1152 2145 1304 2211 inclinare
1326 2145 1500 2221 ridemus,
1534 2152 1573 2210 ut

374 2249 450 2335 quid
471 2249 589 2316 iustitia
610 2269 686 2316 vere
707 2250 747 2315 sit
768 2259 969 2336 quaeratur.
992 2249 1154 2316 Secundus
1184 2259 1287 2315 autom
1315 2244 1397 2317 iiber
1421 2251 1526 2316 hocf
1505 2272 1569 2314 ·-1n

373 2352 463 2418 itium
486 2353 599 2417 habet:
625 2355 714 2432 Quae
733 2375 839 2475 quum
856 2351 987 2420 dixisset
1008 2358 1154 2420 Socrates
1168 2375 1203 2418 se
1217 2377 1236 2418 a
1250 2348 1397 2420 sermono
1413 2354 1569 2456 liberum
1625 2414 1626 2425 ,

372 2454 518 2544 putabat,
548 2452 640 2522 rod
665 2454 705 2537 ἠιι
726 2455 794 2546 ἄρα
817 2452 860 2534 ὡς
882 2455 980 2536 ἔοικε,
1008 2458 1192 2543 προοίμιον.
1236 2458 1353 2524 Glauco
1380 2456 1471 2535 enim
1495 2479 1566 2535 non

373 2561 567 2645 persuasisse
596 2563 772 2627 Socratem
785 2559 904 2636 aiebat,
935 2559 1021 2648 quod
1050 2563 1260 2665 omnimodo
1283 2563 1397 2628 metius
1419 2563 1461 2628 sit
1488 2580 1565 2628 esse

373 2664 489 2730 iustum
511 2686 652 2758 quam
627 2665 791 2738 iniustum,
824 2673 856 2730 et
882 2664 964 2731 velle
990 2685 1023 2730 se
1045 2663 1209 2743 audire'
1159 2690 1208 2731 ιι
1232 2689 1250 2730 r
1286 2665 1384 2732 ἔστιν
1396 2662 1564 2754 ἑκάτεροι

373 2775 429 2836 καὶ
451 2769 524 2836 τίνα
546 2768 619 2857 ἔχει
617 2765 766 2856 drinaum
788 2764 870 2834 αὐτὸ
891 2763 972 2835 καθ’
1000 2763 1083 2834 αὐτὸ
1107 2766 1179 2836 ἒνόιι
1194 2795 1227 2835 ιιι
1243 2770 1281 2863 τῇ
1295 2771 1402 2862 ψυχῇ,
1424 2767 1508 2848 ’τοιις
1524 2771 1563 2834 δι’

372 2870 533 2961 μισθοὺς
539 2879 594 2939 καὶ
609 2868 650 2939 τὰ
666 2868 841 2958 γιγνόμενα
857 2867 909 2938 ἀπ’
927 2867 1034 2938 αὐτῶν
1049 2869 1145 2943 ἐᾶσαι
1157 2873 1293 2960 χαίρειν.
1317 2872 1364 2938 Cf.
1381 2894 1412 2959 p.
1427 2879 1559 2951 358„ss

374 2982 558 3046 Sermonem
573 2997 633 3063 pro
650 2977 774 3052 iustitia,
798 2975 884 3062 quod
905 2976 945 3042 sit
961 2957 1076 3057 metior
1093 2975 1244 3048 iniustitia
1266 2998 1284 3042 a
1307 2978 1434 3043 nemine
1449 2978 1561 3062 adhuc

374 3103 408 3148 se
430 3081 587 3160 audivisse
609 3079 874 3167 quemadmodum
897 3079 990 3147 retis:
1014 3079 1094 3145 veile
1116 3101 1150 3145 se
1173 3101 1242 3145 eam
1264 3096 1374 3163 perse
1395 3081 1559 3146 laudatam

374 3184 519 3250 audires
533 3186 680 3261 Socrate3
710 3181 751 3247 ob
769 3203 902 3267 eamque
925 3198 1049 3247 causam
1071 3203 1105 3248 se
1127 3183 1324 3249 laudaturum
1346 3203 1440 3270 qnam
1453 3185 1559 3271 possit

374 3291 511 3354 maxime
534 3287 628 3352 vitam
649 3287 811 3380 iniustam,
836 3306 936 3370 eaque
957 3274 994 3351 re
1016 3286 1263 3381 declaraturum,
1286 3288 1558 3371 quemadmodum

372 3390 442 3479 ipse
457 3390 640 3456 iniustitiam
662 3375 847 3475 vituperari,
870 3389 990 3454 laudari
1013 3374 1163 3456 iustitiam
1185 3366 1277 3457 ιιιίι.ι
1292 3427 1334 3440 -
1354 3391 1424 3457 Diei
1446 3393 1555 3476 igitur,

373 3495 492 3561 bonurn
507 3515 576 3559 esse
591 3494 738 3560 iniuriam
753 3493 894 3569 iacere,
885 3496 1031 3559 iniuriam
1046 3495 1169 3580 perpeti
1184 3496 1310 3569 malum,
1326 3496 1427 3562 maius
1443 3507 1553 3562 autem

374 3593 491 3664 malum
507 3597 655 3663 iniuriam
669 3599 801 3682 perpeti,
826 3617 920 3684 quarn
935 3598 1053 3664 bonum
1067 3598 1214 3664 iniuriam
1234 3598 1356 3679 faceroq
1381 3609 1555 3688 propterea

376 3703 451 3769 utile
473 3702 574 3772 visum
594 3719 666 3768 esse
679 3693 735 3780 iis,
759 3703 813 3788 qui
833 3702 970 3788 'aiterum
991 3701 1102 3774 vitare,
1125 3701 1242 3785 eligere
1264 3703 1398 3771 aiterum
1418 3708 1480 3770 non
1495 3706 1554 3789 'po-
1629 3752 1630 3821 p

374 3811 507 3888 tuerint,
534 3805 830 3892 pacisci‘invicem,
862 3816 896 3873 ut
915 3805 1069 3871 'iniuriam
1091 3825 1193 3891 neque
1214 3805 1352 3872 inferant
1373 3806 1481 3895 neque*
1495 3830 1551 3896 pa·
1629 3824 1630 3861 ἒ

376 3909 501 3974 tiantur.
544 3910 620 3986 Inde
652 3912 792 3996 coepisse
825 3909 911 3996 leges
947 3908 1024 3974 sarri
1060 3919 1091 3975 et
1125 3915 1232 3994 pacta,
1269 3909 1439 3995 imperium
1472 3913 1551 3996 legis

376 4015 518 4097 coepisse
547 4013 901 4104 appellarifflegitimum
930 4021 961 4078 ot
982 4014 1114 4086 iustum,
1148 4033 1281 4107 eamque
1303 4036 1372 4079 esse
1394 4019 1549 4104 originem

375 4117 528 4192 iustitiae,
550 4116 582 4183 in
605 4117 710 4182 medio
732 4119 854 4205 positae
870 4119 957 4183 inter
979 4117 1149 4234 optimum,
1172 4119 1199 4182 si
1214 4119 1291 4205 quis
1313 4117 1429 4186 iniuste
1451 4130 1543 4205 agens
1629 4124 1631 4215 ι

374 4240 509 4308 poenam
539 4239 602 4286 non
631 4220 714 4298 luat,
748 4230 780 4286 et
800 4221 987 4315 pessimum,
1016 4218 1044 4284 si
1066 4220 1136 4305 quis
1157 4230 1285 4321 accepta
1306 4221 1421 4290 iniuria
1443 4223 1546 4290 ulcisci

375 4335 440 4390 non
460 4322 571 4401 valeat,
593 4322 839 4412 iustitiamque'
829 4347 862 4391 ιιι
866 4322 996 4390 medio
1012 4327 1179 4392 amborum
1205 4316 1340 4414 positam
1356 4330 1465 4406 amari,
1488 4349 1546 4398 non
