3334 5142
601 405 834 477 ηις...

128 570 303 653 ἐτίθεις.
335 567 530 666 Ἐῥρήθη
549 566 639 662 γὰρ,
661 570 756 662 ἔφη(
780 564 881 639 Ἀλλ’
907 564 976 659 οὐχ
997 569 1154 652 ἱκανῶς,
1177 561 1304 657 cleos,

128 671 346 759 ἐδηλώθη,
382 673 502 770 φόβῳ
531 666 582 743 ὧν
602 670 719 762 ὑμεῖς
739 669 1161 765 ,ἀντιλαμβανόμενοι
1183 679 1305 759 δεδη-

127 774 287 846 λώκατε
315 778 479 868 μακρὰν
507 785 575 846 καὶ
604 775 789 866 χαλεπὴν
815 772 1047 895 adscriscis»
1074 774 1304 861 ἆτιόθειξιν.

127 884 250 949 Huius
264 885 364 968 igitur
384 886 550 1005 sermonis
582 882 883 951 consummationem
918 885 957 948 iis
978 882 1089 951 inesse
1110 886 1196 951 dicit
1222 900 1304 972 quac

126 995 313 1072 sequuntur.
351 978 484 1054 ”“Att
464 1012 561 1075 ομιος,
584 986 663 1080 ἔφη,
686 989 813 1072 λαβέτω
836 981 965 1066 τέλος
948 1012 968 1069 η
991 982 1207 1071 αιτὸδειξις
1230 984 1305 1089 torl-

126 1114 187 1157 του
210 1091 361 1180 φανεροῦ
380 1094 568 1177 γενομένου.
662 1116 667 1122 ·
797 1125 800 1129 ’
857 1150 860 1165 ,

209 1194 395 1317 Flagrtatum
423 1202 528 1260 summ
556 1213 620 1259 non
644 1200 716 1259 erat
739 1214 759 1257 a
788 1196 918 1260 Socrate
940 1196 1040 1280 quinti
1061 1194 1135 1261 libri
1156 1152 1246 1263 initio
1266 1202 1311 1263 nt-

125 1295 322 1381 explicaret,
350 1298 424 1365 τίνα
452 1292 576 1387 τρόπον
607 1299 896 1385 μεταχειριζομένη
913 1292 1023 1377 πόλις
1019 1301 1237 1391 φιλοσοφιαν
1264 1296 1303 1369 οὐ

126 1402 302 1481 ὁιολειται,
323 1400 512 1489 iiqueadeo
532 1399 718 1487 quibuscum
740 1401 933 1487 colloquitur
952 1402 1094 1469 nesciunt
1114 1402 1189 1489 quid
1211 1416 1305 1491 praet

125 1512 217 1570 terea
238 1504 455 1573 illustrandum
477 1508 532 1581 sit,
556 1513 742 1592 quaerentes
763 1501 802 1571 τὸ
823 1507 921 1573 moloc
942 1504 989 1573 ἔτι
1011 1503 1126 1573 loistris
1148 1508 1197 1589 εἴη
1218 1509 1303 1579 διελ-λ

126 1613 224 1682 deins
253 1612 373 1693 Sponte
393 1610 491 1695 igitur
512 1630 568 1675 sna
588 1608 668 1674 haec
689 1612 834 1676 Socrates
856 1609 1001 1693 explieat,
1017 1630 1082 1675 nec
1102 1630 1161 1697 pro
1182 1610 1304 1697 dignes·
1372 1687 1377 1699 1

126 1711 269 1779 sionibus
285 1712 435 1783 habenda
456 1720 592 1792 suntsst
611 1714 645 1779 iu
665 1710 838 1797 Republica
860 1716 980 1779 versari
1002 1730 1182 1781 sermonem
1194 1724 1303 1799 patet.

126 1822 245 1883 Tamen
266 1817 349 1905 ipse,
378 1816 438 1883 sihi
459 1824 620 1891 constans,
651 1818 730 1882 ha‘ec
750 1836 878 1902 qnoque
891 1838 972 1891 :cum
993 1817 1032 1883 iis
1054 1838 1135 1904 quae
1158 1822 1300 1905 quaesita

126 1929 217 1987 erant
247 1921 428 1988 necessario
459 1919 626 1987 coniuncta
650 1940 721 1986 esse
748 1919 899 2005 simulat.¹
927 1920 1083 1988 Videntur
1103 1921 1199 2011 igitur
1220 1926 1300 1989 haec

125 2028 233 2093 omnia
266 2033 387 2112 aarum
421 2044 491 2090 eam
518 2022 560 2091 ob
588 2044 713 2090 causam
741 2025 909 2108 explicari,
944 2024 1093 2111 quoniam
1115 2025 1301 2093 auditorum

125 2130 282 2196 voluntati
309 2132 458 2195 resistere
486 2150 558 2195 non·
577 2128 717 2215 potuerit
745 2130 899 2202 Socrates.
950 2130 1008 2193 lta·
1023 2128 1103 2195 hano
1129 2148 1257 2217 qnoque
1284 2153 1302 2197 a
1408 2188 1410 2197 ,

125 2234 292 2322 proposito
316 2234 422 2320 operis
441 2232 517 2309 line,
540 2232 750 2316 disputatione
772 2235 812 2297 de
832 2232 970 2307 iustitia,
984 2231 1153 2308 aberantis,
1171 2238 1217 2299 de
1237 2252 1303 2301 rna·

126 2336 372 2423 gistratihusque
394 2336 545 2413 dicentis,
566 2338 721 2418 »Socratis
739 2335 996 2419 reprehendendi
1017 2342 1232 2412 occasionem,
1258 2342 1302 2404 de

125 2439 271 2507 manibus
295 2441 358 2506 'tihi
383 2440 563 2526 detorqueri
588 2439 687 2509 vides.
732 2443 800 2505 luo
829 2440 1010 2506 universam
1033 2442 1139 2527 operis
1160 2451 1303 2508 constru-

126 2544 263 2610 ctionem
284 2553 406 2611 tantum
427 2551 574 2629 tanquam
595 2563 654 2630 per
675 2552 875 2609 transennam
896 2546 1036 2627 conspici
1064 2547 1171 2611 sinens
1200 2547 1300 2623 Plato,

126 2649 283 2736 aliamque
311 2667 456 2721 causam,
487 2668 595 2715 veram
620 2666 678 2731 per
697 2668 733 2712 se
755 2668 792 2712 ac
812 2648 1012 2731 propiorem
1029 2648 1122 2714 etiam
1154 2649 1302 2715 dicende-

124 2766 197 2818 rum
218 2754 438 2836 praetendens,
462 2772 535 2816 nam
558 2770 633 2817 vere
654 2750 832 2817 absolvitur
850 2752 897 2816 ita
916 2752 1001 2837 qnod
1019 2752 1134 2817 docere
1151 2754 1301 2826 voluerat,

125 2856 323 2942 philosophis
355 2854 566 2941 gubernacula
598 2852 789 2941 reipublicae
820 2854 973 2921 tradenda
999 2874 1086 2932 esse,
1120 2856 1233 2933 efficit,
1266 2864 1302 2921 ut

126 2980 335 3045 quaeeunque
352 2958 446 3036 dicat,
470 2979 533 3054 nou
554 2954 750 3029 extrinsecus
772 2956 917 3036 adducta,
941 2961 997 3025 sed
1019 2980 1059 3025 ex
1081 2960 1206 3043 reipsa
1228 2978 1302 3045 pro-

124 3062 209 3129 lecta
228 3084 299 3129 esse
319 3052 496 3129 rideantur.
541 3061 685 3128 Proiecto
712 3070 823 3128 autem
843 3062 905 3128 nisi
924 3062 1117 3149 inperfecta
1138 3064 1301 3151 republica

125 3174 306 3233 versaretur
333 3169 434 3233 omnis
466 3168 589 3241 oratio,
625 3185 662 3231 ac
689 3166 750 3231 nisi
771 3170 853 3231 hano
871 3166 1074 3253 praecipuam
1097 3165 1301 3252 Reipublicae

124 3278 258 3356 partem,
282 3278 433 3358 quaeest
453 3269 492 3335 de
513 3266 745 3372 magistratibus
762 3270 929 3345 absnlser'e
944 3271 1046 3347 vellet,
1071 3274 1222 3338 Socrates
1231 3294 1300 3337 eam

124 3395 201 3441 rem
210 3396 281 3440 non
303 3396 378 3439 cum
392 3382 477 3441 tanta
498 3391 571 3439 cura
580 3363 805 3459 explicaturus
826 3373 946 3450 fuisset,
969 3374 1027 3441 sed
1046 3377 1137 3442 satis
1135 3368 1302 3440 habuisset

124 3481 267 3546 breviter
286 3485 407 3544 mutum
428 3479 497 3544 eius
517 3477 565 3548 rei
586 3492 713 3542 summa·
727 3480 830 3563 capita
848 3496 1039 3544 recensere·
1092 3506 1120 3544 ,·
1181 3486 1184 3493 “
1228 3518 1231 3535 1
1298 3520 1300 3528 ,

209 3583 316 3659 Quum
343 3584 456 3647 deinde
485 3584 630 3649 Socrates
656 3580 910 3647 adolescentibus
939 3599 975 3647 ac
1000 3582 1108 3668 pueris
1125 3581 1297 3649 'iuvenilem

125 3684 322 3769 disciplinam
342 3684 637 3772 philosophiamque
651 3683 847 3775 tradendam,
870 3705 1049 3771 corporum,
1072 3706 1137 3771 quo
1158 3696 1300 3773 tempore

125 3798 268 3880 crescant
292 3797 323 3854 et
343 3788 508 3855 firmentur
528 3791 604 3855 satis
624 3786 815 3871 diligentem
827 3806 936 3853 curam
959 3788 1152 3865 habendam,
1182 3790 1298 3867 animi,

127 3912 185 3978 qna
215 3900 318 3958 aetate
344 3892 455 3979 pertici
482 3893 627 3977 incipiat,
656 3891 896 3957 exercitationes
923 3892 1114 3977 augendas,·
1128 3914 1199 3963 cum
1222 3910 1300 3959 vero

125 3995 227 4062 robur
246 3997 397 4083 corporis·
413 3995 551 4073 deficiat,
574 4016 640 4063 nec
653 4003 761 4078 aptum
784 3994 825 4058 sit
846 3996 979 4082 amplius
1001 3996 1041 4060 ad
1059 3996 1176 4061 civilia
1188 4005 1219 4061 et
1240 4002 1299 4061 mi-

126 4095 228 4160 litaria
248 4096 368 4172 munia,
395 4103 462 4161 tum
483 4095 561 4163 nihil
581 4096 667 4162 aliud
690 4102 846 4182 agendum
869 4098 1150 4185 philosophiaeque
1172 4120 1299 4167 omnem

127 4217 257 4285 operam
284 4198 531 4296 impendendam
554 4202 624 4267 c'sss
651 4201 798 4277 dixisset,
829 4207 896 4268 tum
926 4203 1108 4271 Adimantus
1129 4204 1299 4290 plerosque

127 4302 320 4384 audientium
341 4302 442 4391 magis
463 4306 565 4370 adhuc
584 4312 815 4394 repugnaturos
837 4325 909 4373 esse
929 4314 1053 4384 monet,
1077 4308 1205 4375 minime
1225 4324 1299 4395 per-
