3334 5142
624 415 834 478 -11..

151 578 289 642 venisset
307 577 351 640 ad·
370 573 542 659 Cephalum
564 576 753 660 locupletem
775 581 807 638 et
822 570 974 642 tostinum
993 593 1114 649 senem,
1138 577 1243 658 quoad
1255 577 1322 657 pri-

148 701 219 744 mus
248 681 308 744 ille
332 701 436 744 sermo
458 683 646 754 haheretun
685 681 773 742 adest
793 681 830 742 ln-
849 680 1037 760 disputando
1059 681 1320 755 sene13¹deinde

149 805 247 869 quum
268 787 335 870 ipse
359 803 484 868 qnoque
507 784 763 848 commodissime·
781 785 905 846 loeutus
925 791 1020 856 esset,
1045 785 1167 846 adrem
1180 785 1319 848 divinam

149 890 226 954 dicit
246 909 280 952 se
302 888 383 952 velle
406 890 585 962 discedere·
608 908 711 971 neque
733 894 844 969 postea
865 888 1047 950 revertitur.
1093 887 1195 950 Credo
1217 888 1321 950 Plato·

147 1014 221 1057 nem
243 980 297 1057 uix
318 998 443 1080 putasse
466 994 539 1056 satis
562 1012 735 1056 consonum
756 989 843 1073 sole,
870 992 898 1053 si
919 991 1079 1055 hominem
1095 989 1134 1053 'id
1156 992 1267 1059 aetatis
1285 993 1321 1055 ia

148 1104 213 1160 mm
235 1099 329 1181 longo
352 1084 498 1166 sermone
518 1097 636 1160 diutius
656 1095 844 1159 retinuisset.
857 1114 883 1152 a·
917 1094 1041 1157 Verum
1055 1095 1173 1166 vidisse
1194 1094 1321 1160 Cieero-

147 1221 222 1265 nem
245 1203 298 1264 vix
320 1199 641 1286 inihi'persuaserim.
687 1202 765 1262 Nam
792 1196 888 1280 paulo
912 1204 989 1261 ‘ante
1015 1197 1320 1280 Cephalusvdiaerat

148 1299 191 1381 ὡς
214 1290 247 1370 εὖ
267 1305 364 1384 ἴσθι,
394 1295 446 1369 ὅτι
464 1295 676 1390 ’έμοιγειὸσον
697 1306 732 1368 αἱ
751 1298 854 1368 ἄλλαι
876 1304 912 1366 ai
929 1297 1016 1366 said
1030 1298 1067 1365 τὸ
1083 1303 1178 1386 σῶμα
1200 1296 1319 1381 ἡδοναὶ

24 1477 26 1481 ,
147 1401 444 1496 ἀπομαραίνονται,
468 1409 627 1472 τοσοῦτον
647 1403 803 1487 αὔξονται
818 1408 854 1470 αἱ
872 1409 946 1492 περὶ
964 1401 1041 1480 τοὺς
1058 1399 1177 1489 λόγους
1197 1407 1318 1472 ἐπιθυ·

144 1512 222 1598 μ’ἱαι
243 1536 276 1577 τε
298 1506 496 1591 καὶὴδοααί.
518 1530 549 1596 p.
571 1514 647 1586 328.
668 1513 707 1576 D.
750 1512 808 1574 llis
830 1511 928 1574 addas
949 1511 1035 1592 quod
1058 1512 1228 1574 secundum
1250 1510 1320 1575 Pla·

145 1623 255 1690 tonem
277 1617 418 1680 seniores
432 1616 577 1679 'maxime
600 1616 684 1680 eirea
704 1614 937 1697 philosophiam
958 1615 1090 1677 versari
1107 1615 1245 1691 dehent3¹
1273 1612 1315 1678 cf.

144 1718 203 1784 lih.
227 1723 281 1795 vl,
306 1720 379 1795 tes,
402 1723 439 1783 B.
465 1719 499 1783 C.
523 1721 591 1794 Vll,
615 1741 648 1803 p.
672 1721 746 1795 eto,
764 1719 808 1781 a,
824 1720 861 1780 B.
898 1718 1033 1785 Videtur
1053 1719 1148 1801 igitur
1169 1720 1319 1784 dedusti-

144 1825 191 1886 tia
207 1845 243 1887 ae
256 1825 373 1908 pietate
388 1825 544 1888 dictorum
560 1822 1020 1906 dicendorumqueveritatem,
1043 1823 1105 1886 hoo
1118 1823 1193 1885 insti
1207 1823 1318 1906 piique

145 1929 241 1992 senis:
254 1926 401 2010 exemplo
424 1929 628 2012 comprobare
650 1929 788 1992 voluisse
809 1926 908 2002 Plato,
932 1928 1201 2010 quemadmodum
1224 1927 1318 1991 etiam

142 2033 179 2096 in
201 2033 368 2096 Phaedone
397 2032 435 2096 iis
464 2053 545 2116 quae
567 2033 615 2095 de
641 2033 817 2096 animorum
839 2032 1077 2116 immortalitate
1098 2032 1316 2112 disputem,

144 2137 238 2219 quasi
267 2135 422 2200 humilium
451 2138 603 2200 'accedere
623 2134 716 2200 reete
744 2137 885 2198 iudicant
903 2136 1044 2198 Socratis
1063 2153 1249 2220 personam,
1286 2139 1319 2199 et

145 2239 244 2304 simul
271 2240 420 2314 innuere,
454 2241 574 2322 primae
603 2241 691 2324 quasi
721 2257 832 2303 scenae
858 2240 951 2302 huius
971 2240 1136 2320 prooemii·
1149 2237 1200 2302 hio
1221 2236 1318 2306 finem

145 2365 228 2408 esse.
250 2365 253 2372 ·
276 2346 321 2407 Ita
348 2346 416 2425 ipsa
443 2365 481 2408 ea
508 2346 588 2428 quae
616 2347 717 2408 adhue
739 2351 829 2408 extra
850 2362 918 2406 rem
938 2344 1040 2425 posite
1061 2361 1132 2407 esse
1153 2343 1316 2419 videnum,

144 2449 246 2532 ipsius
267 2449 314 2511 rei
335 2449 419 2512 haud
442 2451 668 2513 contemnenda
691 2468 763 2534 pars
785 2453 872 2514 sunt:
905 2457 919 2480 ²

225 2554 387 2621 Fortasse*
409 2551 478 2633 qhis
509 2559 639 2634 quaerat
668 2553 728 2616 hoo
763 2550 853 2627 loeo,
891 2570 948 2614 eur
975 2571 1039 2614 non
1065 2553 1099 2615 in
1127 2553 1318 2618 invenienda

142 2657 281 2720 iustitiae
314 2652 495 2719 delinitione
533 2656 648 2738 dialogi
677 2643 770 2730 linem¹
798 2656 939 2738 positum
966 2675 1037 2719 esse
1056 2659 1234 2740 ‘putandum
1256 2659 1317 2721 sit‘l

142 2761 253 2823 Fuisse
281 2757 396 2822 multos
422 2759 591 2842 antiquitqs
617 2760 651 2822 in
679 2777 715 2822 ea
744 2761 902 2823 sententia
923 2758 1044 2843 dialogi·
1059 2761 1243 2842 inscriptio,
1277 2763 1317 2826 de

144 2883 215 2948 qua*
230 2881 325 2948 supra
346 2863 499 2952 diximus,
525 2859 673 2926 declarat.
703 2865 783 2929 *Neo
804 2864 939 2937 iniuria,
963 2864 990 2926 si
1010 2883 1078 2928 rem
1098 2870 1136 2926 ut
1156 2865 1319 2948 proposita

144 2973 205 3042 est,
228 2967 262 3029 in
284 2965 408 3049 dialogo
430 2967 572 3050 accipere
593 2985 718 3051 semper
736 2965 855 3030 liceret.
882 2968 884 2975 '
901 2967 1004 3030 Hodie
1024 2987 1086 3030 aaa
1102 2968 1137 3030 ist
1153 2989 1188 3030 αι
1204 2969 1318 3032 solare

143 3069 262 3154 dialogi
283 3067 376 3133 linem
397 3070 517 3134 versari
538 3062 663 3145 volunt,
694 3071 842 3155 quonium
864 3069 943 3135 aliae
963 3070 1164 3154 quaestiones
1184 3090 1318 3156 sequan-

142 3183 196 3239 tur
218 3178 391 3257 graviores,
415 3181 447 3238 et
468 3177 560 3259 quod
575 3189 671 3238 sanae*
685 3173 800 3239 rationi
815 3173 1064 3258 repugnaturum
1079 3173 1130 3249 sit,-
1155 3174 1318 3259 scripsisse

141 3277 303 3342 Platonem
325 3284 443 3341 tautam
461 3294 563 3362 opus,
586 3277 721 3342 iustitiae
743 3276 946 3363 explicandae
966 3276 1094 3360 gratias
1107 3276 1193 3363 qaod
1215 3277 1315 3343 multo

141 3380 272 3449 brevius
293 3379 362 3446 ieri
383 3383 531 3466 potuerit.
577 3385 614 3446 ld
634 3389 738 3448 autem
760 3381 891 3447 concedi
913 3379 1018 3458 dohet,
1042 3385 1104 3446 hoo
1119 3379 1228 3446 saltem
1242 3381 1314 3448 loeo

140 3487 283 3552 hondam
305 3483 474 3572 quidquam
495 3483 580 3551 aliud
602 3489 744 3574 quaest·
1003 3482 1005 3487 ’

406 3715 868 3805 '‘sncaron.
1093 3831 1097 3838 ,
1290 3711 1297 3718 ’

226 3899 446 3968 Polemarehus
469 3900 637 3968 Simonidis
660 3903 845 3968 auctoritate
859 3900 996 3968 institiae
1009 3897 1221 3965 definitionem
1240 3919 1316 3988 quae

138 4005 203 4070 lem
225 4004 369 4096 accipere
390 4004 555 4072 videbatur
578 4006 747 4092 Cephalus,
779 3997 831 4072 ὅτι
857 4003 896 4071 τὸ
922 4002 964 4069 τὰ
986 3997 1196 4094 ὀφειλόμενα,
1209 3999 1313 4095 {uolgo

108 4185 112 4192 A
139 4103 339 4174 ἀποδιδόναι
357 4104 573 4190 oleastrae,
603 4105 718 4175 tuetur.
766 4111 879 4178 Variae
899 4107 1047 4193 deineops
1068 4127 1087 4171 a
1108 4107 1313 4192 Polemaroho

137 4220 367 4302 proponuntur
382 4214 553 4278 sententiae
575 4212 613 4278 de
635 4213 728 4280 huius
751 4213 969 4288 effatisensu,
1003 4231 1113 4276 omnes
1130 4219 1244 4278 tamen
1272 4234 1315 4279 ex

137 4315 366 4404 eodem‘quasi
385 4315 472 4383 fonte
485 4316 670 4404 proiectae,
706 4318 791 4406 quod
813 4317 852 4385 sit
872 4317 992 4383 iustum
1009 4315 1163 4404 'prodesse
1185 4316 1311 4396 amieis.
