3334 5142
811 392 1042 463 -ete-

337 559 373 626 in
395 554 596 644 philosophia
619 558 800 625 educandos
824 578 896 625 esee
920 556 1038 625 suadet
1081 558 1118 623 ld
1149 556 1177 625 si
1198 555 1252 627 tint
1281 556 1513 647 rempublicam

336 660 526 731 consonari
552 655 652 747 Ἡμῖν
663 658 722 747 δὴ,
743 648 784 743 ἦν
796 663 824 729 δ’
840 657 911 749 ἐγὼ,
932 656 1041 729 πάντα
1056 657 1254 732 τὰτοιαῦτα
1268 664 1513 749 διευλαβητέον,

336 760 380 844 ὥς
400 761 457 831 ἐὰν
475 770 536 850 μὲν
555 759 739 854 ἀρτιμελεῖς
759 770 871 832 τεκαὶ
892 760 1098 859 ἀρτίφρονας
1112 767 1163 862 ἐπὶ
1177 761 1341 849 τοσαύτην
1351 762 1511 853 μείδησεν

337 873 392 937 καὶ
412 861 578 950 τοσαύτην
605 864 746 949 ἄσκησιν
772 869 965 955 κομίσαντες
990 862 1254 957 παιδεύωμεν,,ίγ’
1274 895 1309 938 τε
1338 871 1411 955 δίκη
1437 866 1515 959 ἡμῖν

337 968 376 1041 οὐ
393 973 566 1063 μέμψεται
580 968 685 1053 αὕτη,
707 966 767 1054 την
787 997 822 1039 τε
836 967 933 1039 πόλιν
947 977 1003 1039 καὶ
1017 974 1184 1041 πολιτείαν
1199 968 1355 1062 σώσομεν.

420 1080 488 1142 lam
516 1078 653 1143 deducte
685 1084 733 1141 est
764 1078 866 1143 cretio
896 1085 1003 1143 nostro
1030 1076 1070 1143 ed
1098 1098 1171 1145 eum
1203 1077 1326 1156 locum,
1364 1080 1419 1163 qui
1450 1080 1516 1165 ipsi

336 1201 484 1249 numero.
502 1182 649 1269 proxime
670 1179 843 1265 praecedit,
870 1187 902 1246 ct
926 1180 978 1249 vel
1002 1177 1044 1247 ob
1068 1202 1140 1247 eam
1169 1203 1296 1273 cansam
1311 1182 1516 1267 gravissimus

337 1284 490 1353 omnium.
535 1285 630 1351 euim
659 1284 815 1352 sententia
845 1289 923 1351 haec
951 1283 1019 1351 lere
1044 1294 1111 1351 est:
1144 1290 1280 1353 Necesse
1309 1306 1379 1354 esse
1404 1294 1441 1351 ut
1469 1293 1518 1352 tot

337 1392 400 1455 sint
417 1387 580 1455 hominum
601 1390 746 1455 diversae
774 1388 915 1475 species,
939 1398 1017 1475 quot
1042 1391 1215 1457 ciminium.
1258 1378 1328 1457 Non
1359 1391 1444 1457 enim
1474 1408 1517 1457 ex

337 1514 458 1581 quercu
478 1500 533 1558 unt
558 1513 639 1580 rupe
662 1492 742 1559 oriri
770 1492 928 1569 civitates,
959 1491 1015 1559 sed
1041 1515 1082 1559 ex
1114 1493 1257 1560 moribus
1288 1493 1439 1571 civium,'
1460 1494 1517 1578 qui

336 1616 525 1683 quocunqne
550 1603 683 1683 vergant
705 1595 829 1683 reliqua
857 1617 966 1663 seeum
985 1596 1118 1677 trahunt.
1155 1599 1250 1675 Quod
1271 1596 1298 1663 si
1321 1599 1418 1681 igitur
1439 1596 1518 1661 civi-

335 1709 435 1769 tctnm
454 1703 594 1789 quinque
610 1682 732 1787 'genero
752 1700 831 1778 sint,
856 1703 995 1787 quinque
1010 1706 1104 1768 etium
1116 1722 1186 1794 esce
1200 1699 1364 1775 hominnm
1380 1720 1512 1785 genera.

338 1802 386 1871 Gi.
407 1805 465 1871 lili.
487 1807 572 1871 Vlll.
595 1825 629 1891 p.
649 1806 723 1871 5ll.
747 1811 828 1871 extr.
854 1806 900 1870 St.
944 1795 1044 1873 Oinei'
1069 1792 1144 1886 οὖν,
1164 1790 1207 1889 ἦν
1228 1798 1255 1870 δ’
1279 1800 1356 1892 ἐγὼ,
1386 1795 1440 1871 ὅτι
1461 1809 1518 1871 καὶ

338 1904 528 1998 ἀνθρώπων
558 1910 627 1991 ιίδη
664 1910 813 1976 τοσαῦτα
845 1902 971 1993 ἀνάγκη
1006 1902 1135 1998 τρόπων
1168 1896 1268 1990 εἶναι,
1308 1900 1433 1998 ὅσοιπερ
1463 1912 1518 1976 καὶ

336 2012 525 2095 πολιτειῶνς
553 2008 573 2094 ἢ
599 2013 660 2079 οἴει
688 2000 853 2101 ε’νιδρνός
880 2008 1237 2101 consulerentque
1266 2007 1325 2090 τὰς
1351 2012 1519 2090 πολιτείας

337 2117 532 2206 γίγνεσθαι,
559 2111 628 2188 ἀλλ’
653 2112 725 2204 οὐχὶ
745 2118 780 2185 ἐκ
809 2116 872 2183 τῶν
892 2110 992 2202 ἠθῶν
1014 2115 1077 2181 τῶν
1098 2116 1132 2181 ἐν
1152 2118 1226 2193 ταῖς
1247 2109 1399 2195 πόλεσιν,
1429 2110 1452 2181 δί
1476 2111 1518 2183 δίν

339 2213 445 2308 ὥσπερ
457 2220 610 2313 ῥέψαντα
620 2206 726 2289 τᾶλλα
737 2214 968 2313 {pronomen
985 2214 1144 2305 Οὐδαμῶς
1158 2213 1258 2305 ἔγωγ’,
1273 2217 1347 2310 ἔφη,
1359 2215 1519 2301 ἄλλοθεν,

340 2321 363 2407 ἢ
383 2324 548 2392 ἐντεῦθεν.
595 2319 721 2391 Οὐκοῦν
742 2320 773 2390 εἰ
791 2320 834 2409 τὰ
855 2324 919 2391 τῶν
938 2317 1065 2409 πόλεων
1085 2326 1195 2413 πέντε,
1216 2327 1273 2389 καὶ
1293 2322 1408 2389 αἰτῶν
1430 2318 1521 2389 ἰδιω-

338 2427 622 2509 τῶνκαταοκτυαὶ
644 2427 703 2513 τῆς
723 2428 836 2520 ψυχῆς
856 2430 949 2495 πέντε
964 2422 1005 2493 ἂν
1019 2416 1090 2496 εἶεν.
1133 2426 1191 2493 His
1206 2429 1278 2493 addi
1296 2432 1400 2525 potest
1420 2427 1521 2513 ,quod

336 2531 392 2597 lib.
406 2534 489 2617 vm.
506 2554 539 2617 p.
553 2534 624 2597 568.
637 2533 765 2617 legitur.
806 2532 891 2595 Dicit
911 2532 997 2597 enim
1009 2538 1120 2615 poetas
1133 2533 1269 2619 tragicos
1284 2527 1389 2609 καλὰς
1404 2526 1520 2623 φωνὰς

338 2640 395 2703 καὶ
414 2629 561 2723 μεγάλας
581 2640 638 2702 καὶ
658 2629 811 2714 πιδανίις
830 2638 1114 2722 μισθωσαμένονς
1132 2636 1177 2714 εἰς
1190 2636 1386 2725 τυραννίδας
1409 2658 1443 2700 τε
1465 2638 1521 2700 καὶ

343 2731 567 2828 δημοκρατίας
587 2740 690 2828 ἕλκειν
710 2734 771 2817 τὰς
791 2739 969 2817 πολιτείας.
1002 2736 1049 2806 cf.
1073 2741 1169 2805 etiam
1191 2756 1271 2824 qnae
1286 2738 1370 2807 libro
1384 2740 1427 2805 X.
1446 2759 1521 2803 con-

338 2850 389 2911 tre
399 2841 513 2931 poesin
521 2840 773 2928 mimicamldictc
784 2851 867 2919 eunt,
881 2841 1027 2929 inprimis
1039 2864 1157 2931 qnuep.
1167 2845 1288 2909 607.λ.
1302 2846 1347 2911 St
1357 2842 1518 2928 leguntur.

428 2950 496 3014 lum
517 2967 596 3013 vero
618 2946 725 3013 omnia
746 2955 828 3035 quie
854 2945 916 3015 huc
933 2967 1044 3041 'usque
1073 2947 1157 3015 dictu
1184 2953 1258 3015 sunt
1287 2946 1463 3033 colligenda
1490 2954 1522 3015 et

339 3050 479 3120 breviter
489 3050 789 3137 comprehendendo
793 3057 931 3135 cuntot
938 3073 978 3117 ne
991 3050 1067 3136 quid
1080 3050 1359 3119 lectoris-animum
1369 3050 1518 3138 oculosue

339 3154 447 3243 fngiat.
501 3157 624 3221 Eorum
660 3154 757 3241 igitur
781 3150 939 3234 sententio
964 3159 1046 3221 llaec
1081 3163 1145 3221 est:
1180 3154 1346 3229 interitum
1386 3154 1522 3237 civitatis

339 3262 546 3351 repetendum
578 3278 648 3326 cese
670 3280 689 3326 a
710 3259 916 3344 permistione
937 3260 1033 3325 trium
1055 3257 1202 3327 classium
1235 3261 1387 3337 civitatis,
1417 3260 1463 3324 itu
1487 3264 1523 3323 ut

340 3367 364 3431 ii
397 3363 454 3449 qui
483 3361 671 3429 inferiorum
714 3362 859 3429 classium
898 3364 962 3429 sint
992 3362 1045 3451 pel
1081 3383 1152 3429 esse
1187 3364 1343 3439 debeant,
1384 3361 1522 3447 imperes

339 3476 426 3536 uoto
456 3467 593 3543 muneri,
621 3465 815 3554 reipublicae
842 3463 1055 3551 gubernacula
1081 3466 1255 3536 obtineant.
1306 3468 1415 3533 Trium
1442 3485 1523 3533 vero

340 3572 484 3651 classium
518 3571 652 3638 civitatis
680 3570 837 3655 originem
866 3590 934 3637 esse
963 3591 1003 3663 er
1032 3568 1132 3637 trihus
1164 3570 1260 3639 animi
1292 3572 1391 3637 nostri
1423 3569 1522 3655 parti·

339 3675 411 3745 bne.
470 3679 549 3741 Num
583 3662 778 3760 singulorum
812 3673 994 3759 facultatum
1034 3673 1131 3741 animi
1167 3694 1237 3739 enm
1269 3673 1334 3744 vim
1366 3694 1452 3750 esse,
1488 3680 1524 3741 ut

340 3780 365 3847 ii
396 3780 432 3847 iu
459 3799 609 3866 quorum
630 3778 741 3844 animis
769 3800 834 3843 uno
866 3778 972 3863 aliquo
1005 3776 1135 3846 lncrnltes
1170 3777 1301 3865 reliquis
1333 3777 1520 3855 antecellat,

342 3888 476 3951 eundem
508 3884 605 3950 animi
636 3890 751 3948 statum
780 3883 877 3953 ‚etiam
908 3881 1006 3969 proli
1025 3902 1100 3949 sune
1128 3884 1278 3952 inserent.
1306 3884 1523 3968 Repetendem

341 3988 388 4055 ita
410 3989 651 4075 ¹permistionem
684 3987 781 4052 trium
820 3983 967 4051 classium
996 3984 1129 4053 civitatis
1159 3985 1290 4071 eiusque
1321 3986 1524 4053 interituma

341 4095 494 4179 permisto
526 4114 564 4159 uc
582 4095 720 4158 ‚corbum
759 4088 855 4157 animi
888 4096 971 4170 stetu
991 4094 1077 4155 'cum
1111 4110 1242 4167 eornm,
1285 4088 1340 4176 qui
1371 4089 1525 4176 reipubli-

342 4215 399 4261 cae
428 4193 638 4280 gubernacula
671 4192 816 4260 manibus
845 4199 992 4270 teneant,
1026 4180 1090 4271 'nec
1127 4192 1282 4259 civitatem
1320 4193 1455 4278 amplius
1483 4192 1525 4259 ad

343 4298 433 4378 ideae
462 4296 541 4367 boni
571 4298 648 4371 iusti
680 4296 870 4387 pulchrique
891 4296 1039 4386 ordinent
1071 4318 1108 4366 ac
1140 4302 1268 4382 regant,
1302 4305 1373 4391 tum
1408 4296 1526 4365 civium
