3334 5142
843 421 885 439 -
929 386 1075 453 174-

377 540 502 634 νόμοιις
530 571 564 614 τε
589 549 646 612 καὶ
666 540 906 633 ἐπιτηδεύματα
928 542 1070 623 πόλεων,
1096 539 1234 623 τούτους
1255 538 1463 611 καθιστάναι
1486 536 1550 637 ‹prl-

376 655 492 727 λακας.
529 645 674 737 Ὀρθῶς,
694 648 769 739 ἔφη.
789 686 833 699 -
853 658 890 714 ut
908 651 1043 717 lectores
1064 671 1099 717 se
1120 648 1225 715 elusos
1238 668 1302 715 nou
1316 649 1461 715 sentiant.
1501 650 1550 713 Es

376 754 444 821 istis
465 754 549 821 enim
570 752 672 819 omnis
693 755 842 840 deinceps
863 775 969 820 sermo
990 754 1164 829 deducitur,
1186 755 1240 840 qui
1261 761 1352 820 sexto
1367 762 1400 817 et
1412 754 1549 837 septimo

376 857 461 923 libro
482 862 523 922 sle
544 860 663 941 optima
683 855 844 945 republica
865 858 964 935 inest,
986 878 1046 923 nec
1066 862 1217 935 lectores,
1239 857 1338 923 semel
1357 856 1398 922 {le
1420 857 1473 922 via
1495 860 1550 920 de·

376 960 478 1037 ducti,
510 970 543 1027 et
569 982 681 1028 eorum
709 983 791 1049 quae
816 961 964 1028 dicuutur
991 962 1143 1049 puritate
1164 970 1196 1028 et
1216 961 1385 1045 splendore
1407 963 1551 1047 captiae

375 1064 516 1141 deliniti,
543 1086 578 1131 se
604 1066 639 1131 in
665 1065 779 1131 eodem
799 1086 909 1132 errore
930 1086 1118 1149 permanere
1138 1065 1401 1133 animadvertunt.
1446 1067 1551 1142 Quam

375 1167 487 1234 callide
512 1172 592 1235 baec
619 1169 725 1235 omnia
752 1172 880 1237 inventa
908 1179 981 1235 sunt
1009 1174 1049 1236 ad
1077 1170 1243 1251 celandum
1270 1172 1378 1254 operis
1399 1168 1496 1234 finem
1520 1176 1552 1233 et

375 1275 417 1337 ad
429 1272 582 1339 fabendos
594 1272 750 1341 lectores!
771 1276 861 1339 Hanc
879 1274 977 1340 solam
999 1272 1042 1341 ob
1062 1294 1189 1341 musam
1209 1274 1261 1340 bie
1281 1282 1377 1361 caput
1390 1272 1552 1359 quaestio·
1640 1350 1641 1367 χ

374 1380 425 1443 uis
452 1398 516 1443 non
543 1378 645 1444 solum
670 1378 705 1443 in
732 1377 919 1444 memoriam
946 1387 1129 1455 revocatur,
1159 1414 1201 1427 -
1230 1381 1316 1463 quod
1342 1399 1384 1444 ne
1405 1382 1510 1443 exiret
1532 1398 1551 1442 e
1640 1374 1641 1425 ἶ

374 1481 545 1567 legentium
573 1481 686 1547 animis
713 1481 887 1549 timendum
914 1480 990 1557 fuit,
1023 1504 1120 1567 quum
1146 1482 1179 1547 iu
1198 1484 1296 1549 rebus
1316 1480 1356 1548 ab
1379 1502 1419 1547 eo
1440 1480 1552 1546 alienis

374 1595 439 1651 tam
467 1588 523 1650 diu
551 1596 732 1652 versaretur
757 1586 861 1652 oratio
881 1622 923 1635 -
943 1585 1001 1653 sed
1022 1588 1065 1653 ob
1087 1586 1219 1653 eandem
1241 1608 1366 1652 eausam
1387 1585 1553 1651 Platonem

375 1699 440 1758 uu
461 1682 619 1775 ambiguis
639 1688 745 1756 verbis
766 1690 814 1757 uti
834 1691 993 1769 videmus,
1022 1700 1058 1757 ut
1085 1690 1147 1755 iam
1169 1695 1208 1756 ad
1230 1692 1366 1757 iustitiae
1392 1688 1553 1777 quaestio-

374 1814 449 1860 nem
470 1798 621 1860 accedere
642 1798 818 1861 orationem
837 1797 969 1873 credas;
991 1816 1051 1861 uec
1071 1794 1197 1861 diversa
1210 1798 1292 1861 ratio
1305 1794 1376 1869 fuit,
1398 1793 1441 1861 ob
1455 1813 1553 1881 quam

377 1918 472 1963 omne
499 1897 574 1963 libri
603 1899 684 1963 sexti
713 1907 746 1963 et
770 1897 897 1983 septimi
918 1908 1136 1985 argumentum
1156 1899 1293 1967 reticuit
1336 1903 1416 1965 Nam
1437 1898 1483 1961 ita
1503 1896 1553 1963 iu-

377 2022 454 2085 gero
474 2001 669 2069 audientium
689 2002 811 2067 animos
832 2023 960 2067 necesse
979 2001 1058 2079 fuit,
1089 2024 1183 2089 quam
1211 2006 1308 2069 multa
1337 2002 1390 2068 bie
1417 2001 1554 2067 interae

375 2114 489 2172 rantur
509 2128 528 2171 a
549 2108 693 2199 specioso
721 2106 827 2193 operis
856 2105 917 2173 liue
943 2105 1062 2184 ebena,
1093 2126 1174 2191 quae
1196 2129 1293 2194 quum
1315 2104 1440 2173 abunde
1463 2107 1554 2181 satis*-

375 2211 502 2275 iecissct
525 2209 669 2277 Socrates
691 2210 988 2286 voluntatieorum,
1012 2213 1066 2297 qni
1088 2210 1189 2297 quinti
1209 2209 1282 2275 libri
1303 2209 1396 2276 initio
1416 2229 1553 2295 rogave-

375 2320 448 2379 rant
468 2320 505 2379 ut
525 2313 565 2379 de
585 2312 760 2381 liberorum
780 2313 1012 2400 mulierumque
1026 2314 1248 2381 communione
1263 2314 1394 2391 diceret,
1417 2335 1459 2379 ue
1473 2317 1552 2379 hanc

376 2417 505 2505 quidem
525 2416 567 2483 ob
590 2438 715 2484 causam
737 2416 919 2503 explicanda
933 2418 1073 2495 suerunt,
1097 2418 1220 2483 etiamsi
1240 2419 1273 2484 id
1295 2416 1422 2483 simulet
1439 2422 1552 2483 Socra·

375 2529 434 2603 tes,
455 2542 514 2587 nee
535 2521 627 2587 ubam
649 2525 691 2588 ob
712 2541 839 2589 causam
861 2510 942 2587 dicta
963 2530 1044 2602 sum,
1064 2543 1156 2607 pacm
1173 2523 1252 2605 qaod
1269 2524 1310 2587 cd
1322 2525 1489 2605 perfectam
1510 2524 1552 2587 ci·

373 2628 498 2690 susten
521 2627 728 2710 pertinebunt,
772 2627 807 2691 in
846 2648 907 2712 qua
938 2632 1082 2691 versatur
1114 2628 1193 2691 baec
1228 2624 1332 2690 omnis
1366 2625 1548 2714 disputatio.
1642 2684 1643 2691 ,

375 2732 485 2815 Neque
511 2749 591 2797 vero
614 2728 831 2807 reticendum,
862 2728 948 2815 quod
968 2727 1047 2795 baec
1067 2728 1137 2813 ipsa
1157 2750 1228 2795 res:
1252 2730 1284 2796 τί
1305 2732 1458 2821 διαφέρει
1478 2732 1552 2817 βίος

376 2834 504 2911 δίκαιος
525 2828 660 2911 ἀδίκου,
689 2854 784 2919 quam
804 2841 934 2920 postea,
957 2830 1159 2919 Reipublicae
1180 2830 1309 2919 quidem
1329 2833 1429 2919 gratia
1451 2832 1552 2917 expli·

375 2939 619 3031 suscepitur,
650 2939 696 3003 ita
719 2946 806 3003 recte
834 2937 869 3003 in
896 2939 1082 3003 memoriam
1101 2944 1282 3004 revocatur.
1323 2940 1401 3003 Nam
1422 2936 1466 3003 ita
1488 2957 1552 3003 uon

375 3043 478 3131 solum
499 3041 551 3107 bie
572 3039 656 3107 liber
675 3062 747 3108 cum
769 3040 875 3129 quarti
894 3039 969 3107 libri
989 3038 1052 3107 fine
1075 3044 1237 3127 quietique
1257 3040 1350 3107 initio
1364 3040 1550 3125 copulatum

376 3148 432 3226 sed
460 3143 507 3224 id,
521 3144 617 3211 etiam
638 3145 843 3231 consequitur
863 3144 974 3220 Plato,
1005 3153 1122 3211 utnon
1144 3144 1257 3211 mirem
1277 3143 1399 3211 accidat
1420 3143 1553 3230 legenti·

373 3250 455 3326 bus,
490 3252 575 3335 quod
604 3247 693 3315 libris
719 3249 923 3337 Reipublicae
950 3247 1119 3335 postremis
1150 3247 1265 3315 docere
1297 3256 1447 3329 conatur,
1480 3256 1553 3317 utra

377 3360 516 3442 praestet
536 3352 617 3429 viu,
641 3354 721 3424 iusta
742 3374 784 3417 an
803 3346 949 3421 inimus
974 3356 1054 3419 Nam
1075 3350 1109 3419 icl
1129 3350 1309 3432 necessario
1330 3352 1553 3439 explicandum

376 3454 451 3531 luit,
481 3455 509 3521 si
537 3458 654 3522 docere
681 3456 776 3522 vellet
802 3456 878 3545 quid
900 3455 1065 3523 differrent
1084 3455 1168 3526 inter
1188 3476 1223 3521 se
1242 3455 1352 3523 civitas
1373 3454 1459 3533 bona
1480 3453 1554 3521 reli-

377 3579 541 3645 quaeque,
573 3559 688 3646 quibus
714 3558 774 3625 alia
802 3558 908 3626 omnia
933 3560 1095 3647 proposita
1116 3566 1205 3637 suut,
1239 3567 1367 3646 praeter
1387 3562 1550 3627 virtutem.

376 3661 563 3747 Intelligitur
595 3666 656 3739 ita,
686 3661 766 3729 banc
791 3660 1035 3751 disputationem
1067 3662 1107 3729 tle
1139 3662 1171 3729 vi
1199 3670 1294 3749 atque
1313 3662 1438 3758 'effectu
1468 3664 1553 3729 vitae

375 3767 475 3831 iustae
496 3766 704 3851 iniustaeque,
728 3764 890 3839 civitatum
904 3774 933 3833 et
949 3766 1150 3853 Reipublicae
1168 3770 1268 3851 gratia
1279 3760 1403 3835 institui
1417 3766 1551 3839 debere.

378 3871 472 3947 Quod
492 3870 536 3937 ita
555 3868 672 3938 lactum
694 3890 763 3956 esse
784 3892 804 3961 a
822 3870 954 3957 ‚Blatoue
984 3868 1165 3957 apparebit;
1197 3891 1257 3937 uec
1283 3870 1380 3937 alium
1400 3870 1435 3940 iu
1456 3869 1554 3937 finem

378 3994 451 4042 eum
477 3977 518 4039 de
544 3972 741 4061 singulorum
768 3972 931 4061 bominum
951 3976 1035 4041 vitae
1055 3980 1138 4044 statu
1159 3980 1190 4039 et
1211 3972 1553 4046 conditione-locutum

378 4075 649 4169 conlaetemur,
673 4097 767 4161 quam
789 4084 824 4143 ut
843 4080 981 4155 uocaret,
1001 4080 1058 4165 qui
1072 4085 1157 4148 esset
1170 4080 1369 4148 diversarum
1378 4077 1553 4155 ιίιίιιιῑιιω,

379 4189 413 4249 et
425 4202 451 4252 s.
463 4179 602 4249 institiae
616 4202 643 4247 s.
656 4179 828 4269 iniuratm
845 4202 925 4269 quae
938 4181 972 4250 in
988 4181 1028 4250 iis
1038 4180 1304 4269 deprehendatur,
1317 4183 1389 4259 fons
1403 4190 1436 4249 et
1449 4184 1551 4267 erige

379 4286 529 4353 Ceterum
557 4287 693 4376 sapienti
719 4286 936 4356 moderatione
960 4306 1037 4355 usus
1061 4288 1207 4357 Socrates
1229 4307 1282 4356 eas
1303 4300 1374 4365 res,
1406 4289 1551 4372 quaeat
