3334 5142
846 389 1076 461 „oep-

281 540 284 543 ⁹
371 539 499 623 monem
520 552 561 620 do
581 541 719 622 iustitiae
738 538 854 637 pa'tura-
870 561 904 621 ct
923 552 1130 641 praestantia3
1164 555 1427 642 quemadmodum
1450 557 1549 623 etiam

372 662 554 727 Ciceronem
585 647 790 743 Reipublicae
821 656 905 725 libro
937 661 1033 751 tertio
1064 661 1162 727 multa
1190 659 1306 727 dixisse
1332 660 1477 727 videmus
1508 663 1549 725 de

372 763 490 829 iustitia
511 770 544 827 et
563 760 726 832 iniustitia.
810 780 814 786 ⁴

416 862 421 872 '
456 869 526 933 Non
552 869 783 954 praetereunda
818 865 879 932 boc
907 866 978 934 loco
1018 886 1105 953 quae
1131 886 1164 955 p.
1193 870 1273 945 591,
1306 871 1342 934 E.
1379 871 1547 955 legunturt

367 964 457 1037 Ἀλλ’
482 963 754 1056 ineptiam-ys,
787 961 888 1047 εἶπον,
920 967 1004 1061 πρὸς
1035 966 1093 1053 τήν
1125 973 1159 1039 ἐν
1180 966 1269 1064 αὐτῷ
1284 973 1465 1039 ,πολιτείαν
1494 976 1550 1038 καὶ

347 1161 444 1244 loco
475 1173 683 1246 Schneiderua
714 1177 815 1262 praef.
847 1146 888 1269 p.
914 1180 970 1243 XI.
999 1177 1120 1263 colligit
1153 1178 1313 1245 Platonem
1349 1200 1414 1246 uno
1449 1198 1550 1266 opere

371 1279 495 1347 etbicen
533 1295 570 1345 ac'
610 1280 762 1366 politicen
800 1281 974 1368 perfectam
1010 1284 1230 1369 complexum,
1270 1282 1301 1349 ei
1319 1286 1550 1349 ,coniunctioni

373 1382 604 1472 significandae.
617 1388 710 1451 ειίειο
731 1384 856 1451 titulum
878 1384 985 1473 eperia
1007 1386 1307 1463 accommodavisse,
1330 1396 1362 1452 et
1381 1379 1550 1455 πολιτείαν

372 1487 592 1575 inscripsisse,
626 1508 690 1573 quo
717 1492 846 1558 nomine
867 1497 935 1554 tum
956 1488 1123 1573 singularis
1143 1492 1281 1556 bominis
1302 1498 1334 1556 et
1354 1490 1551 1557 mentis-bu·

372 1613 492 1667 manae,
514 1597 549 1656 ut
570 1593 699 1660 enlibri
723 1595 798 1658 uani
819 1592 882 1658 tine
897 1592 1069 1659 clarissime
1081 1600 1245 1680 appareat,
1267 1600 1335 1660 tum
1356 1590 1549 1678 reipublicae

372 1704 406 1762 et
432 1696 583 1784 plurium·
597 1695 756 1762 societatis
784 1681 908 1781 legibus
936 1704 1101 1763 contentae
1127 1704 1242 1765 statum
1270 1699 1464 1763 indicaret.»
1512 1697 1548 1763 ld

358 1821 451 1892 ¹vero
472 1803 535 1865 iam
557 1821 668 1866 omnes
690 1799 878 1881 concedent,
900 1804 1115 1888 metaphorice
1135 1804 1353 1883 matummodo
1374 1787 1415 1867 in*
1430 1801 1480 1867 bis
1503 1804 1551 1868 lo-

372 1915 481 1971 cutum
509 1924 580 1969 esse
605 1904 788 1982 Platonem,
810 1912 850 1995 et
870 1905 1005 1989 primam
1026 1907 1163 1974 nominis
1184 1907 1370 1993 causamin-
1387 1904 1552 1995 Πολιτείᾳ

373 2010 506 2100 proprie
526 2007 572 2073 sic
593 2010 675 2074 dicta
695 2008 830 2095 positam
853 2030 941 2086 csse,
969 2028 1028 2074 nec
1049 2011 1117 2074 sine
1139 2028 1251 2093 magna
1272 2016 1339 2074 arte
1358 1997 1458 2096 ‘atque
1476 2028 1553 2095 pru-

374 2114 480 2185 dentia
499 2111 618 2178 iactum
640 2112 732 2189 esse,
757 2116 844 2197 quod
874 2114 1073 2178 err-humani
1092 2110 1189 2177 animi
1211 2119 1293 2178 statu
1316 2120 1353 2177 et
1369 2110 1551 2181 conditione

373 2215 474 2302 ipsam
511 2217 606 2281 etiam
638 2215 878 2301 Rempnblicam
909 2216 1094 2300 repetiverit
1123 2224 1155 2281 et
1182 2215 1281 2281 animi
1296 2218 1408 2281 'nostri
1437 2220 1553 2287 statum

373 2318 576 2410 Reipublicae
616 2319 837 2385 assimilaverit
863 2327 1003 2387 auctor.
1035 2322 1185 2397 Extremo
1220 2327 1325 2385 auum
1356 2338 1441 2385 ncnc
1468 2316 1553 2385 libro

373 2427 463 2489 haec
471 2423 657 2507 leguntur:⁴
654 2418 785 2489 Oia
762 2448 846 2507 apa,
870 2422 952 2517 ἔφη,
972 2418 1016 2488 τά
1037 2446 1074 2509 γε
1094 2419 1249 2489 πολιτικὰ
1271 2418 1425 2503 ἐθελήσει
1447 2416 1555 2543 τιμάτ-

372 2533 450 2607 verb,
473 2521 589 2617 ἐάνπερ
611 2519 731 2593 τούτου
745 2521 903 2608 abactae.
945 2516 1007 2612 Nol
1025 2522 1084 2593 ’τὸν
1104 2521 1204 2606 κιίνα,
1233 2512 1286 2607 ,ἦν
1300 2520 1372 2593 δ”
1357 2521 1435 2611 εγὼ,
1461 2524 1496 2591 ἕν
1518 2548 1554 2610 γε

373 2632 425 2725 τῇ
434 2632 554 2697 ἱαντον
538 2624 666 2696 πόλει
689 2634 744 2695 καί
764 2623 875 2717 μάλα,
907 2624 946 2697 οὐ
967 2632 1086 2717 μέντοι
1102 2630 1180 2708 ἴσως
1207 2628 1242 2695 ἔν
1266 2654 1302 2715 γε
1332 2628 1378 2755 τῇ
1400 2628 1554 2716 πατρίδι,

374 2703 432 2801 έίιν
451 2730 497 2821 μὴ
519 2733 603 2800 θεία
632 2756 682 2811 τις
707 2728 871 2827 ξνμβῇ’
834 2756 924 2821 τυχη.
967 2725 1165 2813 Μανθάνω,
1195 2732 1269 2823 ἔφη’·
1299 2721 1378 2799 ἐν
1358 2759 1378 2827 ῃ
1399 2732 1471 2799 νῦν
1493 2734 1555 2799 δι-

371 2831 565 2923 ἤλθομεν
586 2832 818 2917 οἰκίζοντες
839 2831 960 2903 πόλει
983 2839 1131 2921 λέγεις,
1152 2835 1198 2930 τῇ
1220 2838 1253 2902 ἐν
1273 2831 1387 2921 λόγοις
1409 2836 1554 2963 κειμένῃ,

374 2941 441 3007 ensi
461 2940 521 3026 γῆς
542 2965 577 3025 γε
599 2927 806 3025 oddcpcu
770 2964 866 3027 οιμαι
887 2934 992 3021 adripe
1014 2929 1106 3006 εἶναι.
1145 2931 1259 3019 Αλλ,
1288 2924 1427 3020 ἦνιίΗ
1411 2935 1489 3024 εγὼ,
1522 2940 1555 3004 ἐν

245 3042 248 3047 ’
374 3039 505 3135 οιλρανῷ
534 3044 616 3122 ’ίίτοις
646 3037 859 3132 παράδειγμα
887 3036 1058 3111 ἀνάκειται
1089 3041 1136 3135 τῷ
1163 3036 1400 3134 sscvlope'mp‘
1383 3043 1469 3133 ορᾷν
1497 3046 1555 3108 καί

375 3142 497 3235 ὁρῶντι·
523 3142 642 3214 ἑαυτὸν
669 3148 873 3228 κατοικίζειν.
904 3148 1054 3238 διαφέρει
1077 3148 1113 3231 δὲ
1135 3140 1247 3225 ουόἑν,
1280 3146 1342 3212 εἴτε
1371 3170 1435 3212 τιον
1465 3144 1556 3212 ἔστιν

312 3321 314 3328 ,
373 3237 445 3317 ἐἴτε
458 3249 561 3327 ἔσται·
589 3246 633 3316 τὰ
652 3247 717 3341 ’γὰρ
740 3245 863 3331 ταύτης
883 3244 989 3336 μόνης
1005 3246 1050 3316 ,ίίν
1071 3243 1236 3338 πράξειεν,
1266 3244 1368 3330 ἄλλης
1397 3251 1432 3315 dd
1462 3243 1555 3316 calda-

374 3354 467 3441 μιᾶς.
511 3347 613 3431 Elaia
642 3350 682 3440 γ’,
713 3353 811 3445 ἔφη.
836 3348 937 3431 Quam
966 3352 1017 3419 laic
1044 3360 1187 3417 extremo
1208 3372 1293 3417 ncnc
1316 3350 1400 3417 libra
1422 3352 1557 3419 civitatis

376 3456 537 3545 perfectae
557 3478 576 3522 a
595 3478 632 3523 ae
653 3457 797 3543 conditae
818 3453 907 3523 Plato
929 3456 1003 3523 facit
1023 3456 1224 3531 mentionem,
1249 3475 1323 3539 ¹eam
1344 3458 1459 3521 eudem
1481 3475 1559 3523 cou-

297 3626 301 3631 .
372 3560 448 3627 ‘silio
469 3562 584 3627 iactam
606 3580 675 3627 esee
696 3569 861 3646 putamus,
896 3582 958 3646 quo
984 3562 1049 3625 iam
1076 3546 1224 3626 extremo
1246 3555 1463 3625 cctavc'liliro
1487 3580 1557 3626 eam

374 3664 525 3730 iniectam
561 3684 638 3729 essa·
662 3658 809 3731 vidimus.
854 3669 894 3731 Et
924 3668 1079 3730 eatbam
1108 3665 1246 3747 optimae
1275 3652 1425 3738 ustilatis,
1459 3662 1557 3730 modo

249 3810 253 3817 -
375 3776 570 3844 exstructae,
587 3770 712 3835 mentio
725 3770 776 3833 ita
796 3767 903 3845 facta,
920 3776 956 3833 ut
977 3765 1065 3833 Plato
1086 3758 1235 3853 bac'ipsa
1257 3787 1293 3831 re
1315 3764 1345 3831 ei
1365 3768 1487 3852 primas
1510 3776 1559 3833 to·

374 3872 443 3937 tius
467 3872 688 3959 disputationis
716 3871 865 3938 tribuisse
896 3870 1062 3937 videatur.2
1096 3873 1175 3935 Nam
1206 3869 1233 3935 si
1255 3872 1288 3935 in
1310 3871 1558 3936 demonstranda

377 3974 516 4041 iustitiae
535 3974 727 4062 praestantia
748 3974 865 4061 dialogi
886 3974 956 4039 finis
978 3975 1110 4058 positus
1124 3980 1221 4048 essct,
1250 3980 1283 4037 ct
1304 3974 1331 4036 si
1353 3974 1462 4039 civitas
1490 3981 1559 4040 tan·

375 4086 445 4143 tum
472 4078 674 4146 illustrandae
702 4080 770 4143 eius
789 4078 838 4144 rei
861 4076 961 4163 gratia
983 4085 1143 4142 exstructa
1165 4076 1346 4153 videretur,
1379 4080 1501 4143 versari
1524 4080 1558 4142 in

377 4181 530 4249 laetorum
552 4184 663 4273 animis
684 4186 746 4247 boc
766 4186 894 4268 quidem
915 4181 985 4248 loco
1008 4180 1086 4247 nihil
1107 4179 1193 4247 aliud
1213 4200 1343 4247 necesse
1360 4178 1435 4258 finit,
1462 4202 1559 4266 quam

377 4288 462 4353 hauc
481 4288 523 4351 dc
543 4285 660 4354 iustitia
681 4290 911 4370 qiraestioncm,
934 4284 1098 4374 multumne
1119 4287 1226 4373 magis
1243 4282 1416 4361 abactam
1437 4285 1557 4355 menti-
