3334 5142
730 402 1132 505 ,ηπ-μ

374 568 419 629 et·
432 561 521 649 ipsun
540 560 705 630 civ-itatem
734 564 849 628 bonam
876 561 1029 641 reddunt,
1066 560 1151 650 quod
1166 561 1362 650 'significavit
1382 560 1542 629 Scbleier-

375 671 558 740 macheras,
592 685 737 742 moneus,
770 688 835 733 nou
855 668 946 733 facile
969 658 1065 754 vquid
1081 670 1334 751 reprehensionis
1360 669 1540 733 babituram

374 770 459 837 bauo·
486 770 750 837 constructionem
788 770 816 833 si
850 769 1025 857 respublica
1060 770 1220 837 Platonica·
1248 772 1449 855 respiciatur.
1487 773 1541 835 -Id

371 883 477 941 temen
498 881 584 939 certe
606 872 701 938 efficit
720 878 800 939 heec
819 873 956 948 Pletouis
976 875 1068 949 ratio,
1090 882 1126 939 ut
1140 877 1200 941 nisi
1214 878 1267 963 qui
1282 864 1425 939 accurate
1436 882 1541 942 otten-

373 976 449 1044 dant
468 986 501 1043 ct
522 992 648 1043 omnem
670 979 775 1060 operis
797 984 939 1043 naturam
967 986 997 1044 et
1020 967 1224 1064 progressum
1245 978 1411 1064 diligenter
1431 996 1541 1064 perse-

373 1090 510 1169 quautur
530 1081 610 1147 uibil
630 1080 823 1155 desiderent,
850 1102 914 1145 nec
942 1084 1091 1147 iustitium
1117 1104 1179 1149 uon
1202 1084 1310 1167 quaeri
1332 1084 1476 1147 sentiant,
1497 1116 1543 1129 —-
1648 1126 1649 1169 q

370 1192 470 1255 doute
483 1172 595 1270 =porro
619 1186 699 1251 vidit
726 1184 1030 1250 Scbleiermacherus
1047 1170 1457 1269 multumvvituperutiouis
1485 1188 1543 1259 ba-
1648 1192 1649 1205 ¹

371 1294 461 1366 bere,
485 1293 571 1375 quod
591 1288 709 1356 iustitia
728 1295 889 1375 postremo
911 1289 991 1364 loco,
1011 1308 1070 1353 nec
1092 1282 1177 1355 recle
1197 1290 1389 1365 invenietur,
1413 1292 1468 1355 sed
1489 1291 1542 1353 in-
1648 1288 1649 1371 ξ

371 1394 472 1461 ventis
493 1394 768 1469 demumoeteris,
791 1398 940 1477 tanquam
961 1392 994 1458 id
1015 1395 1099 1477 quod
1121 1396 1183 1459 iem
1201 1396 1355 1478 reliquum
1369 1396 1420 1467 sit,
1443 1376 1542 1479 eppe·
1648 1418 1649 1459 l

371 1507 452 1573 rent·
487 1500 588 1577 'Quod
608 1497 753 1580 proiecto
773 1493 844 1560 fieri
862 1516 929 1587 usqu
948 1499 1065 1580 potnit,
1095 1500 1122 1561 si
1143 1494 1291 1565 iustitiam
1307 1496 1401 1581 [Plato
1421 1496 1455 1559 iu
1476 1498 1541 1560 boc
1648 1484 1649 1511 ¹

372 1621 490 1690 opere,
519 1621 578 1667 nec
599 1586 769 1686 quidquam
789 1599 874 1666 uliud
896 1608 1082 1687 quaereret*
1115 1604 1191 1665 Nem
1214 1600 1377 1686 quid'tu'm
1398 1600 1540 1685 reliques
1648 1576 1649 1631 ἕ

369 1707 501 1774 virtutes
522 1706 652 1770 omnino
673 1724 827 1791 quaerere
849 1703 1104 1770 attinebntt¹·cur
1131 1716 1194 1768 nou
1222 1712 1307 1770 recte
1328 1708 1367 1769 ad
1389 1703 1540 1769 iustitiam

370 1799 667 1896 pergebetorotio‘l
709 1812 805 1873 Recte
825 1809 909 1880 cuim
931 1810 1086 1891 explicata
1105 1805 1202 1873 enimi
1223 1810 1346 1883 nature,
1369 1809 1433 1871 iam
1451 1806 1540 1872 diffi-

371 1915 522 1981 tile-nou
551 1914 627 1988 fuit,
660 1912 809 1977 iustitiam
837 1911 1002 1997 explicare.
1044 1909 1141 1977 Nobis
1163 1911 1294 1997 quidem
1313 1913 1368 1975 'his
1390 1908 1540 1977 omnibus
1648 1902 1649 1987 q

370 2039 432 2084 une
448 2024 573 2082 tentum
594 2015 719 2081 videtur
739 2017 873 2082 inveniri
890 2034 1085 2105 poscerem
1106 2016 1282 2091 excusatio,
1304 2015 1480 2093 Plutonem,
1504 2022 1542 2079 ut

370 2109 504 2189 ciuitatis
524 2120 664 2187 institute
684 2123 790 2186 omnia
810 2123 851 2186 ed
872 2120 1021 2185 iustitiam
1041 2128 1220 2207 revocaret,
1256 2140 1356 2206 eaque
1379 2139 1419 2183 er
1439 2117 1540 2184 lucul-

368 2228 485 2292 tatibus
506 2224 601 2289 enimi
629 2224 774 2309 singulis,
803 2224 1034 2309 virtutibusque
1059 2226 1193 2314 repetite
1222 2232 1255 2289 et
1286 2222 1435 2309 expresse
1467 2242 1539 2287 esse

371 2332 510 2404 doceret,
530 2332 612 2393 hauc
621 2327 781 2393 rationem
796 2336 938 2393 secutum
953 2346 1033 2392 esse.
1046 2363 1088 2377 -
1101 2329 1203 2405 Quem
1219 2327 1366 2409 deinceps
1383 2323 1541 2393 Scbleier·

370 2430 536 2498 mucherus
565 2429 652 2497 dedit
678 2439 815 2515 quotuor
842 2432 996 2497 virtutum
1027 2454 1067 2497 ex
1096 2434 1219 2497 civitate
1238 2424 1410 2516 'repetitam
1439 2428 1541 2495 dedu·

371 2537 524 2611 ctionem,
551 2556 592 2614 ee
607 2534 688 2600 feisa
710 2544 765 2599 est
808 2538 854 2599 Ac
880 2556 957 2601 vere
971 2535 1111 2621 quidem·
1127 2534 1311 2617 sapientiem
1333 2542 1426 2617 atque
1446 2532 1539 2599 forti-
1648 2518 1649 2533 ¹

370 2640 512 2707 tudinem
534 2638 699 2722 descripsit
707 2662 725 2717 ;··
738 2637 835 2705 falsus
857 2659 935 2704 vero
956 2648 1008 2704 est·
1023 2641 1057 2703 iu
1078 2632 1277 2725 expliceudis?
1291 2639 1423 2722 reliquis
1438 2640 1538 2702 virtu-

369 2742 486 2820 tibus,
508 2746 695 2829 quod'non,
713 2750 764 2807 ·ut
791 2742 965 2809 ePlatoue
990 2744 1193 2818 factumest,
1225 2741 1358 2807 virtutes
1377 2742 1538 2809 ex.animi
1648 2832 1649 2837 ἵ

369 2845 569 2913 facultatibus
597 2848 761 2936 repetivit,
789 2848 847 2911 sed
874 2864 916 2911 ex
942 2848 1068 2912 civitate
1088 2861 1141 2911 ees
1162 2848 1324 2912 Platonem
1344 2865 1420 2911 vere
1441 2865 1537 2932 repe-
1648 2850 1649 2917 ἰ

368 2952 476 3019 tiriuse
502 2950 700 3018 existimavit.
759 2952 869 3037 ltaque
896 2952 1051 3023 rationem
1077 2959 1243 3015 externam
1260 2949 1407 3025 ··'se'cutus,
1444 2948 1538 3014 obse·

370 3058 479 3143 quium
500 3055 739 3119 etindustrium
760 3048 1009 3120 edesse'debere
1031 3042 1204 3131 existimet,
1239 3061 1270 3119 et
1294 3056 1416 3140 priores
1437 3056 1538 3119 virtu-

368 3167 417 3225 tes
439 3160 662 3243 possiutesse.
707 3160 778 3222 Nou
798 3156 889 3231 mele,
911 3157 945 3223 si
960 3178 1010 3223 res
1032 3177 1090 3241 per
1104 3178 1161 3233 sep
1174 3166 1261 3223 uter
1275 3166 1402 3223 nostrae
1424 3159 1537 3221 aetatis

369 3264 588 3347 opinionibus,
606 3268 789 3345 spectetur.
841 3266 879 3329 At
910 3264 1081 3327 secundum
1112 3264 1325 3336 Graecorum,
1358 3258 1417 3325 nec
1447 3259 1557 3349 volgi,
1648 3350 1649 3353 Ἴ

369 3367 471 3433 solum
492 3370 548 3431 sed
569 3367 664 3440 etium
685 3364 946 3450 pbilosophorum
966 3367 1161 3441 sententiam,
1185 3367 1376 3451 obsequium
1393 3372 1423 3430 et
1444 3362 1537 3429 iudu-

366 3470 444 3537 strie
471 3490 593 3553 perse
620 3469 752 3534 virtutes
778 3477 843 3533 nou
868 3467 1072 3535 habebantur.
1116 3471 1270 3555 Occupari
1292 3470 1375 3533 euim
1397 3469 1535 3552 negotiis

366 3579 411 3640 od.
426 3573 543 3639 rictum
561 3571 810 3656 ‘comperandum
831 3574 1020 3665 necessariis¹
1042 3581 1134 3659 turpe
1162 3571 1331 3639 admodum
1352 3570 1545 3658 putabatur,

369 3680 416 3746 Gi.
439 3680 510 3762 pol,
527 3675 583 3743 lib.
606 3680 662 3741 IX.
686 3699 718 3760 p.
737 3680 812 3750 590,
838 3678 871 3743 C.
894 3695 960 3762 sqq.
1003 3664 1060 3742 Ac
1074 3676 1188 3741 mirum
1216 3698 1290 3741 saue
1319 3674 1459 3741 accidere
1482 3673 1536 3739 de-

367 3786 467 3857 beret,
490 3782 517 3847 ni
537 3782 866 3864 Platonipersueeum
886 3779 1005 3853 fuisset,
1029 3801 1091 3845 uon
1112 3784 1152 3845 eb
1174 3780 1243 3867 ipso
1266 3782 1443 3863 propositas
1456 3798 1535 3863 quu-

367 3892 441 3951 tuor
460 3884 609 3961 virtutes,
635 3886 691 3949 sed
713 3906 766 3949 ees
788 3906 865 3971 quas
888 3884 1321 3981 Scblqiermacberuseerum
1342 3886 1413 3948 loco
1434 3882 1533 3969 ponit,
1648 3904 1649 3949 4

368 3988 497 4073 explere
518 3987 643 4078 omnem
664 3990 787 4055 virtutis
808 3989 960 4053 ambitum
981 3988 1014 4052 iu
1036 3990 1172 4065 civitate,
1198 3991 1281 4072 quod
1303 3988 1454 4061 nonhas,
1477 3985 1535 4051 sed

365 4092 453 4167 illes„
480 4113 546 4158 nou
567 4094 752 4184 obsequium
773 4102 804 4158 et
824 4086 1026 4182 iudustriam,
1056 4096 1115 4183 sed
1133 4086 1370 4175 temperantium
1393 4100 1425 4155 et
1447 4092 1534 4153 iusti·
1623 4139 1625 4144 Α

367 4196 444 4261 tiern
464 4198 498 4261 iu
519 4195 668 4262 virtutum
691 4198 780 4281 quasi
792 4200 933 4262 chorum
953 4198 1117 4278 receperit.
1162 4200 1238 4287 Nem
1260 4192 1292 4259 id
1313 4196 1424 4279 ipsum,
1443 4195 1534 4277 quod

368 4301 396 4365 si
416 4298 503 4366 illud
515 4299 670 4387 elegisset,
691 4300 818 4366 incente
839 4299 966 4367 omuino
988 4320 1051 4364 non
1072 4307 1155 4365 esset
1175 4298 1300 4375 iustitie,
1323 4300 1410 4363 euius
1425 4303 1532 4362 tumen
