3334 5142
565 422 608 441 -..Ἰ
651 390 794 464 mu

157 555 278 632 Quae
293 558 426 645 ¹sponte.
439 571 499 626 sus
522 550 561 619 in
579 569 680 623 unum
706 552 896 632 uoueidunt,
936 574 1095 640 quaeque·
1111 549 1189 626 idea
1210 573 1277 624 aaa

56 656 284 727 ereduntur
298 657 372 745 quiin
397 654 481 723 visa:
494 677 557 723 non
581 662 677 732 sunt,
711 658 739 723 si
764 658 832 723 visa
856 658 919 725 sint
942 658 1032 725 aredi
1051 678 1181 737 neeesse
1208 664 1275 733 est»,
1304 739 1308 748 Ι

56 784 99 831 en
123 761 215 827 fieri
245 782 315 827 non
342 780 435 847 posse
455 762 656 845 putabimus?
700 762 806 851 Quum
826 782 903 829 vero
929 762 974 826 ita
998 769 1110 848 pergat
1133 759 1276 847 phileae

57 870 178 954 phua:
208 865 394 951 Plerosque
415 885 481 931 non
505 859 662 931 audiuisse
685 884 860 941 sermones,
890 862 1017 951 quibus,
1044 864 1193 938 adhibitis
1208 884 1277 934 oms

58 969 171 1037 nibus
210 971 363 1047 viribus,
401 956 523 1039 veruna¹
540 972 625 1033 omni
659 970 755 1033 modo
783 978 977 1054 quaeratur
1008 990 1112 1054 saque
1143 968 1277 1045 veritate

63 1082 214 1140 coactos
270 1072 420 1157 [agnosce
444 1070 624 1157 philosophi
656 1074 695 1141 de
721 1092 840 1155 genere
865 1074 994 1141 humani
1023 1072 1107 1145 bana
1133 1071 1278 1141 merendi

63 1174 244 1260 studium)
275 1173 544 1268 pronunciavisse,
570 1195 673 1263 neque
698 1178 824 1253 urbem,
852 1198 956 1262 neque
978 1179 1147 1253 civitatem,
1174 1197 1278 1262 neque

67 1284 187 1346 virum
216 1278 407 1363 *perfectum
433 1280 633 1364 proditurum
659 1281 772 1365 prius,¹
795 1301 892 1365 quam
922 1279 1102 1366 philosophi
1131 1291 1185 1346 aut
1209 1280 1276 1367 ipsi

68 1404 254 1451 summum
276 1378 443 1469 imperium
464 1389 604 1459 teneant,
628 1391 683 1449 aut
700 1382 738 1449 iis
752 1382 808 1470 qui
819 1382 1008 1449 'oivimibus
1027 1386 1277 1468 praesintueraa

70 1487 318 1575 philosophiae
342 1504 437 1551 verus
456 1488 702 1565 amoraaoidat,
731 1504 790 1553 neo
814 1508 884 1555 essa
908 1487 1004 1555 ullam
1025 1488 1278 1572 rationempra·

71 1590 249 1668 hahilem,
270 1589 470 1657 ,our'horum
488 1589 620 1655 alinum
643 1590 693 1662 vel
714 1598 883 1677 utrumque
904 1590 1059 1667 horinon
1080 1594 1189 1678 possit,
1211 1602 1277 1662 tum

77 1698 169 1761 enim
190 1680 239 1761 se
262 1702 351 1759 reeta
370 1692 483 1774 rideri,
509 1695 657 1778 quomam
676 1696 821 1767 ita'votis
843 1694 1120 1770 similiassdiuerint
1138 1718 1278 1781 ·.-pos·

78 1818 246 1866 sumusne
275 1796 447 1873 dubitare,
483 1796 559 1883 quin
584 1795 673 1863 Plato
696 1819 772 1871 vera
796 1797 865 1864 fieri
891 1819 985 1883 posse
1012 1802 1095 1865 hane
1118 1802 1277 1875 ciuitatem

83 1908 322 1969 demonstrare
351 1900 508 1969 voluerit?
546 1906 630 1975 Num
653 1905 749 1993 igitur
773 1901 910 1969 iustitiae
934 1903 1136 1970 illustrandae
1162 1906 1276 1989 gratia,

84 2010 125 2073 ah
152 2028 261 2093 quam
285 2007 502 2090 quaestionem
528 2006 604 2077 nihil
630 1998 757 2089 omnino
775 2009 928 2090 intererat
951 2006 1074 2083 fierine-
1087 2016 1277 2091 possetnea

84 2133 136 2187 ne,
171 2118 230 2177 est
261 2108 423 2195 descripta
444 2114 523 2177 haee
545 2111 673 2187 civitas,
708 2130 749 2179 an
774 2129 831 2181 sua
858 2105 981 2195 gratia?
1022 2110 1179 2178 Proieoto'
1197 2111 1278 2181 indi·

89 2236 188 2300 gnum
217 2222 306 2281 esset
331 2222 421 2279 tanto
443 2213 632 2301 philosopho
656 2213 809 2281 eiusmodi
836 2213 997 2291 doctrina,
1024 2208 1212 2303 quousque
1234 2216 1278 2280 ei·

86 2320 225 2389 uitatem
256 2317 376 2385 bonam
402 2325 434 2383 et
455 2338 495 2382 ne
517 2320 620 2391 virum
644 2320 774 2405 quidem
795 2322 973 2392 honumh
997 2341 1027 2388 e.
1048 2340 1108 2383 nee
1129 2318 1278 2388 uirtutem

90 2421 159 2489 heri
193 2440 294 2509 posse
314 2419 525 2493 'affirmareh
565 2430 596 2487 et
627 2422 719 2507 plane
756 2422 915 2500 contraria
948 2422 998 2502 iis,
1022 2412 1104 2507 quae
1138 2426 1278 2518 sananda

89 2526 226 2596 Politian
256 2524 348 2591 libro·
368 2524 484 2591 docere
513 2544 550 2591 sa
571 2522 652 2591 vella
679 2528 823 2591 Socrates
849 2525 1051 2609 promiserat,
1092 2548 1200 2611 quum.
1213 2530 1279 2595 uia

94 2636 192 2696 tutem
217 2632 260 2697 ab
290 2630 330 2697 iis
359 2626 530 2693 defendere
554 2627 670 2706 vellet,
707 2642 789 2713 quae
813 2628 937 2700 asan
963 2632 1073 2699 amieis
1096 2630 1278 2699 obiecerant

95 2733 217 2801 Glauco
253 2741 288 2799 et
320 2732 513 2803 adimantus.
535 2772 538 2778 ·
558 2734 637 2802 Nam
660 2726 708 2799 ita
732 2734 851 2801 inanes
875 2723 1086 2802 esse-omnies
1108 2734 1277 2803 hominum

98 2838 320 2904 contentiones
341 2842 535 2920 sequeretur.
580 2837 668 2913 Quae
693 2838 722 2901 si
747 2855 823 2901 vera
843 2856 914 2906 esse
929 2857 1030 2925 ‘nemo
1041 2840 1205 2913 consedet,
1228 2859 1278 2906 se·

98 2940 205 3025 quitur
235 2940 401 3009 Platonem
424 2938 549 3005 t-daeer‘a
583 2938 723 3010 voluisse
755 2938 839 3007 ilari·
856 2960 966 3023 passe.
988 2938 1081 3028 haue
1100 2942 1276 3018 civitatem,

99 3044 208 3130 inqua
222 3040 406 3131 philosophi
426 3042 643 3129 gubernacula
654 3049 790 3123 teneant,
813 3046 946 3130 eiusque
959 3044 1163 3127 Reipublicae
1178 3035 1278 3131 grstia

103 3146 140 3213 le
165 3147 367 3234 philosophis
388 3145 611 3231 disputavisse,
630 3155 702 3223 et,
716 3150 808 3233 quod,
824 3168 896 3213 cum
921 3147 971 3214 his
994 3149 1197 3234 aoniuaetura
1212 3157 1276 3226 est,

103 3251 133 3315 in
156 3250 332 3335 Republica
354 3253 476 3317 vernali
501 3250 584 3317 huno
610 3252 798 3321 sermonem.
843 3254 916 3333 lpse
938 3259 1046 3320 autam
1067 3252 1157 3320 Plato
1178 3256 1218 3319 ah
1239 3274 1278 3319 ea

106 3353 301 3437 cogitatione,
328 3358 462 3433 atthaeo
487 3352 774 3438 nonReipublieao
797 3356 898 3442 gratia
920 3354 1131 3441 disputentur,
1157 3365 1278 3436 tantum

106 3460 208 3544 abest,
229 3505 231 3511 ·
250 3458 395 3553 utnulla
420 3460 548 3533 omnino
574 3460 699 3524 ratione
718 3458 774 3523 niti
801 3456 951 3539 affirmet,
975 3461 1006 3524 ‘si
1025 3459 1096 3545 quis
1119 3458 1188 3527 fieri
1213 3482 1278 3529 nou

107 3561 201 3644 posse·
221 3562 321 3641 dieat,
358 3570 394 3627 ut
420 3570 474 3627 aut
501 3565 681 3648 philosophi
709 3562 877 3646 imperium
904 3570 1047 3638 teneant,
1084 3571 1138 3629 aut
1163 3564 1278 3629 summi

109 3668 301 3749 magistratus
331 3665 511 3753 philosophi
542 3657 629 3744 fiant.
674 3669 820 3755 Potestne
853 3665 951 3750 igitur
965 3670 966 3674 ’
980 3664 1276 3740 lortiusaffirmari

112 3765 175 3833 heri
192 3790 284 3855 posse
305 3774 383 3837 haee
400 3770 522 3846 -omuia,¹
545 3768 751 3840 securitatis
774 3768 975 3839 illustrandae
998 3778 1052 3850 aut
1071 3769 1278 3842 inveniendae

113 3872 205 3952 gratia
226 3874 307 3945 hano
323 3873 576 3957 disputationem
597 3874 739 3945 instituit
782 3876 852 3939 imo
877 3873 904 3942 si
928 3871 998 3943 fieri
1022 3876 1102 3940 haee
1122 3893 1187 3939 non
1203 3894 1278 3959 pos-

116 3975 178 4050 sint,
207 3998 240 4043 se
261 3976 391 4065 dignum
412 3998 481 4053 esse
501 3976 665 4063 profitetur
686 3980 741 4062 qui
761 3976 955 4058 derideatur,
981 3977 1101 4062 quippe
1122 3978 1276 4062 quiretis

112 4079 218 4147 'similia
236 4081 361 4150 dixerit.
402 4085 475 4148 ‘Nan
495 4083 590 4165 igitur
611 4082 693 4147 votis
717 4081 834 4147 similia
858 4082 935 4149 haee
957 4101 1027 4147 esse
1047 4080 1115 4146 uult
1136 4080 1277 4167 philoso-

118 4182 208 4261 phus,
236 4185 291 4253 sad
315 4207 402 4267 uera,
422 4205 487 4251 nae
504 4197 631 4252 onmem
651 4188 736 4259 huno
750 4204 938 4253 sermonem
964 4186 1030 4251 risu
1054 4183 1194 4268 dignum.
1236 4187 1277 4251 Et
1377 4195 1381 4199 “

117 4284 248 4363 proiecto
276 4292 399 4361 vitantis
420 4287 630 4386 illustrandae,
650 4292 751 4375 grafia
773 4310 838 4357 non
865 4295 952 4361 tauto
974 4308 1060 4375 opus
1075 4286 1187 4378 fuisset
1206 4308 1275 4357 aare
