3334 5142
870 372 1080 438 ..go-

376 530 436 597 hac
457 529 643 617 mantione
663 526 967 613 longiusremotee,
990 536 1045 597 aut
1065 531 1099 600 in
1120 529 1235 617 mribus
1256 524 1335 603 haee
1355 526 1441 595 inter
1460 529 1552 597 nnti-

378 634 453 697 tiam
482 641 513 698 ct
539 617 644 716 partes
665 630 732 698 cius
754 652 825 698 cum
848 632 973 703 ciuitate
995 634 1214 713 convenientia
1234 633 1340 699 minus
1361 641 1552 719 appareret,

378 771 420 785 -
441 738 552 821 quales
571 743 644 801 sunt
663 738 821 802 honorum
838 737 1000 817 omnium,
1022 736 1191 806 mulierum
1213 734 1451 821 liberorumque
1466 732 1554 803 com-

364 842 498 916 -munio,
517 841 695 905 accuratior
705 842 876 927 diepumtio
889 838 1171 927 delmagistratib'us
1182 876 1224 891 -
1235 841 1419 908 interiectae
1434 846 1551 906 esseut.

375 946 457 1007 'Nam
483 942 524 1016 dc
551 942 785 1029 magistratibus
808 946 903 1011 etiam
925 966 994 1023 earn
1017 942 1058 1014 ob
1080 965 1206 1013 causam
1227 966 1290 1011 uon
1311 940 1439 1011 videtur
1460 964 1554 1029 accu-

377 1048 476 1126 ratius
496 1066 592 1133 agere
612 1044 750 1117 voluisse
770 1051 832 1114 hoc
853 1032 939 1137 loco,
965 1051 1058 1135 quod,
1072 1052 1111 1115 de
1133 1050 1181 1115 his
1204 1046 1375 1132 disputanti
1397 1046 1438 1129 ad
1459 1048 1553 1125 altius

377 1151 472 1217 etiarn
493 1154 722 1235 assurgendum
744 1160 828 1219 esset
849 1154 1051 1236 principium,
1072 1154 1175 1219 ideam
1197 1149 1284 1229 boni,
1308 1170 1403 1237 quam
1425 1172 1466 1217 ex
1488 1168 1552 1237 quo

375 1255 409 1318 in
426 1251 475 1320 his
490 1262 601 1325 cuncta
618 1264 814 1339 reponantur,
831 1256 958 1323 iustitia.
991 1259 1078 1323 Idem
1091 1258 1190 1341 igitur
1202 1254 1315 1331 fecisse
1329 1256 1552 1327 existimandus

377 1364 426 1423 est
439 1356 538 1435 Plato,
556 1359 934 1445 quamquamaliisetiam
951 1359 1116 1437 decausis,
1138 1362 1224 1445 qnod
1237 1356 1311 1443 [ecit
1324 1362 1552 1433 Demosthenes

376 1463 411 1543 in
431 1463 579 1538 oratioue,
596 1465 738 1530 omnium
751 1461 950 1531 nobilissima
958 1484 1017 1554 pro
1032 1483 1158 1533 corona.
1190 1462 1239 1535 Ibi
1254 1465 1344 1532 enim
1364 1448 1552 1551 Demosthe-

375 1585 433 1633 nes
447 1568 500 1631 cc
528 1566 712 1652 gravisona
738 1577 828 1651 parte
848 1589 958 1637 rerum
979 1590 998 1633 a
1019 1590 1052 1659 sc
1074 1574 1248 1671 gestarum,
1273 1571 1305 1634 h.
1328 1588 1356 1635 o.
1378 1570 1425 1633 de
1439 1570 1551 1671 ulhmo

376 1676 487 1738 canoa
514 1670 692 1758 Philippum
723 1672 809 1766 hello
842 1681 876 1742 ct
908 1652 1032 1757 proelio
1061 1678 1102 1742 ad
1120 1664 1346 1743 Chaeroneam
1383 1662 1550 1742 commisso

378 1776 485 1840 dicere
506 1774 591 1843 nolle
613 1758 750 1867 videtur,
763 1774 897 1848 ,etiamsi
917 1778 1025 1844 haee
1015 1790 1083 1861 apsa
1098 1776 1298 1865 volmarius
1313 1777 1382 1845 eius
1395 1781 1552 1859 spectaret

377 1877 490 1944 oratio.
534 1879 590 1945 of.
586 1877 637 1963 ·§.
660 1882 731 1951 110
771 1874 946 1969 Ἡγοῦμαυ
964 1881 1072 1949 τοίνυν
1092 1870 1260 1949 λοιπὸν
1227 1880 1312 1955 εινοί
1328 1904 1395 2000 μοι
1402 1904 1477 1967 περι
1492 1878 1551 1945 τοῦ

376 1976 587 2072 κηρύγματος
614 1978 714 2049 εἰπεῖν
734 2008 791 2052 και
816 1984 879 2053 τῶν
900 1979 1066 2051 εὐθυνῶν·
1097 1978 1136 2049 τὸ
1158 1978 1223 2075 γὰρ
1244 1977 1287 2061 ὡς
1310 1978 1351 2051 τὰ
1371 1970 1496 2083 αριοτᾶ
1517 2006 1550 2047 τε

376 2084 540 2174 ἔπραττον
565 2090 620 2153 καὶ
642 2081 700 2155 διὰ
720 2083 844 2167 παντὸς
870 2084 983 2165 εὔνους
1011 2082 1075 2175 εἰμὶ
1101 2091 1156 2153 και
1180 2081 1360 2177 πρόθυμος
1384 2110 1419 2153 ευ
1445 2089 1551 2157 ποιεῖν

377 2183 465 2275 νμᾶς
478 2189 608 2274 ἱκανως
612 2190 647 2262 ἐκ
661 2189 725 2257 τῶν
742 2185 916 2279 εἰρημένων
931 2190 1143 2272 δεδηλῶσθαί
1152 2214 1211 2279 μοι
1226 2190 1353 2277 νομίζω.
1373 2190 1550 2257 Καίτοι

378 2288 426 2359 τὰ
447 2287 640 2378 μέγιστά
660 2318 704 2379 γε
736 2294 816 2360 τῶν
837 2296 1215 2381 πεπολιτευμένων
1227 2298 1296 2361 καὶ
1323 2296 1551 2389 πεπραγμί·

377 2419 457 2465 νων
477 2396 641 2489 ἐμαυτῷ
661 2398 924 2486 παραλείπω,
943 2391 1206 2485 ὑπολαμβάνων
1206 2398 1444 2488 πρῶτονμὲν
1436 2396 1550 2521 ἐφεξῆς

378 2494 455 2621 τοὺς
475 2504 548 2590 περι
563 2493 666 2567 αὐτου
680 2502 740 2569 τοῦ
754 2496 951 2591 παρανόμου
965 2496 1083 2588 λόγους
1096 2496 1277 2571 ἀποδοῦναι’
1288 2525 1330 2589 με
1344 2502 1420 2577 δεῖν,
1443 2490 1549 2581 εἶτα,

377 2598 452 2673 κᾶν
467 2606 566 2690 μηδὲ
573 2629 592 2671 ν
613 2605 706 2672 ον’-πω
726 2611 816 2693 περὶ
834 2605 910 2671 τῶν
931 2606 1081 2687 λοιπων
1101 2599 1445 2693 neocaesareenses
1429 2604 1550 2693 ομοίως

375 2700 451 2797 παρ’
467 2701 557 2793 ὑμῶν
578 2701 704 2799 ἑκάστῳ
726 2703 764 2774 τὸ
788 2704 970 2787 συνειδὸς
952 2733 1109 2798 υπυρχοιν
1126 2734 1196 2797 μοι.
1232 2710 1277 2777 cf.
1294 2729 1332 2777 ea
1346 2710 1386 2778 de
1400 2728 1436 2775 re
1451 2706 1550 2777 disse·

376 2816 498 2879 rentem
525 2812 705 2879 Bistonium
732 2813 765 2878 io
792 2810 939 2879 cditione,
949 2815 1045 2882 huius
1068 2812 1217 2903 orationis
1245 2834 1277 2897 p.
1303 2808 1382 2891 '1460
1403 2804 1445 2860 -’-
1477 2815 1548 2883 1t8.

376 2916 447 2979 Non
466 2916 583 2999 poterit
599 2911 701 2995 facile
713 2916 851 2982 inveniri
859 2915 947 3006 apud
956 2924 1081 2984 veteres
1096 2923 1240 2983 auctores
1261 2916 1347 2985 aliud
1368 2916 1548 3005 exemplum

375 3016 452 3083 artis
484 3017 635 3091 orationis
666 3027 699 3085 et
724 3008 936 3097 instituendae
963 3028 994 3096 et
1024 3020 1249 3113 dispesceudac
1272 3023 1383 3106 ,aptius
1409 3020 1450 3087 ad
1478 3020 1549 3089 illu·

375 3123 537 3200 strandum
557 3120 604 3199 ic,
629 3123 664 3202 iu
683 3116 747 3209 qam
766 3144 839 3192 cum
860 3122 996 3195 maxime
1016 3134 1124 3211 nostra
1145 3133 1289 3195 uersatur
1308 3125 1492 3209 dhpumtio,
1515 3131 1549 3191 et

377 3226 419 3290 ad
438 3226 530 3291 rectc'
544 3224 743 3293 iudicandam
769 3226 1000 3295 simulationem
1021 3249 1084 3313 qua
1102 3228 1137 3309 in
1157 3237 1223 3297 toto
1244 3234 1306 3297 hoc
1326 3250 1424 3314 opere
1448 3229 1549 3294 utitur

375 3326 479 3417 Plator
499 3363 541 3377 -
561 3326 609 3397 Ab
636 3329 686 3395 his
713 3332 900 3400 &cennens
927 3330 1234 3425 Schleiermachcrus
1261 3335 1295 3399 in
1314 3336 1398 3399 hunc
1418 3334 1572 3399 modum·

376 3428 532 3516 dispntat:
565 3436 635 3520 uso
664 3436 726 3526 wic
751 3438 839 3512 anch
861 3437 914 3501 hei
941 3434 1000 3503 der
1020 3435 1155 3515 Maxime
1177 3440 1249 3503 dass
1269 3444 1365 3513 unter
1386 3435 1448 3506 den
1469 3436 1548 3505 Ver·

375 3534 554 3621 theidigem
573 3558 635 3602 nur
636 3540 835 3627 diejenigen
854 3559 895 3604 au
910 3543 968 3613 der
982 3541 1162 3625 Regiorung
1175 3538 1267 3608 ,Theil
1284 3544 1419 3610 nahmen
1431 3538 1545 3614 collon,

375 3637 495 3707 welche
522 3640 653 3707 nichts
644 3663 686 3705 rm
708 3645 824 3709 Shndc
845 3632 954 3711 waren
976 3666 1014 3719 zu
1035 3647 1111 3711 thun
1133 3643 1179 3711 als
1200 3647 1351 3713 wodurch
1373 3647 1428 3711 das
1451 3642 1546 3711 Wohl

376 3739 432 3809 dee
454 3746 580 3832 Gauron
601 3746 764 3829 gesordert
783 3745 880 3821 vird,
908 3748 1006 3813 sehon
1025 3745 1240 3825 vorschwebt,
1270 3766 1336 3815 was
1355 3754 1423 3813 erst
1444 3766 1546 3831 gagen

378 3849 433 3911 das
453 3849 542 3915 Ende
563 3846 620 3914 des
640 3851 775 3916 Werkes
795 3847 981 3933 ausgefiihrt
1002 3853 1098 3929 wind,
1130 3854 1200 3919 dass
1218 3850 1362 3917 nhmlich
1390 3849 1442 3921 die
1461 3856 1547 3921 Ver-

376 3948 468 4018 nunft
494 3949 588 4017 allein
615 3948 813 4037 heurtheilen
842 3956 964 4031 konco,
997 3974 1063 4023 was
1090 3958 1170 4023 auch
1192 3953 1254 4021 den
1275 3953 1394 4023 andern
1416 3953 1545 4027 Theiten

375 4049 435 4121 cler
451 4052 546 4133 scole
567 4052 696 4132 heilsarn
716 4057 766 4133 ist,
788 4054 853 4125 und
873 4054 944 4125 dass
960 4060 1017 4123 der
1032 4058 1241 4143 Verniinstige
1254 4058 1347 4126 allcin
1357 4062 1418 4145 den
1432 4058 1545 4125 Werth

377 4156 457 4223 anch
478 4159 536 4240 der
556 4160 676 4228 anderu
696 4158 940 4249 hohensweieen
959 4160 1163 4232 russohattzeu
1183 4148 1319 4237 misse.»
1341 4161 1411 4239 „Ch
1433 4181 1466 4245 pq
1492 4164 1542 4228 17.

376 4258 491 4360 introd.
534 4262 627 4341 Quis,
659 4284 796 4362 quaeso,
830 4264 865 4333 in
885 4263 943 4344 iis,
977 4284 1058 4355 quac
1078 4267 1139 4339 hoc
1159 4265 1230 4351 loco
1249 4262 1341 4355 ,dimit
1351 4264 1459 4365 Plato,
1493 4263 1544 4331 vel
