3334 5142
854 393 1086 466 ..ορμ-

378 544 548 648 τλῆσομευ,
565 550 637 643 'ipsa
655 577 783 643 proque
801 555 925 645 docent,
951 556 990 623 de
1008 554 1180 644 Republica
1196 554 1346 623 hocloco
1366 576 1540 627 sermonem

379 684 459 734 esee.
502 667 548 727 Ita
573 663 656 726 enim
683 658 764 725 dicta
793 669 881 737 sunt,
915 663 1005 746 quasi
1034 681 1097 726 non
1125 680 1185 744 per
1211 658 1339 737 indum,
1378 664 1434 729 sed
1462 664 1541 729 serio

379 773 458 834 baec
476 766 586 831 civitas
604 764 805 839 conderetur,
830 771 865 828 et
885 762 1063 849 philosophi
1088 784 1163 829 vere
1182 769 1221 830 ad
1246 766 1315 831 eius
1336 764 1541 850 gubernacula

380 869 572 937 accederent.
616 866 711 933 Vides
732 866 829 952 igitur
849 866 908 932 hoc
929 867 999 932 loco
1020 888 1084 931 non
1099 867 1139 933 de
1158 867 1282 933 civitate
1304 866 1405 934 solum
1427 888 1542 935 sermo-

379 996 452 1041 nem
473 993 562 1049 εεεε,
589 970 645 1037 sed
668 974 711 1036 ita
731 970 850 1036 institui
868 990 941 1039 enm
967 990 1163 1046 sermonem,
1199 980 1236 1037 ut
1255 970 1343 1046 Plato
1364 976 1406 1037 eb
1424 956 1551 1037 interna¹

377 1100 485 1145 rerum
513 1078 644 1143 veritate
675 1096 709 1139 se
740 1073 899 1140 interdum
927 1073 968 1139 iia
994 1074 1095 1160 abripi
1120 1073 1216 1151 sinet,
1252 1078 1342 1160 ¹quasi
1359 1073 1445 1140 'baec
1468 1096 1540 1141 vere

377 1191 518 1269 agantur.
561 1182 724 1245 Civitatem
744 1177 840 1263 igitur
864 1177 943 1243 hane
965 1176 1069 1243 animo
1094 1184 1126 1241 et
1144 1178 1334 1262 cogitatione
1356 1186 1540 1245 enstruciam

376 1292 508 1363 ridens,
537 1293 568 1349 et
588 1282 794 1370 philosophos
815 1283 849 1344 in
863 1293 908 1345 ‘ea
930 1279 1141 1365 gubernacula
1163 1288 1320 1357 tenentes,
1349 1304 1474 1348 memor
1494 1304 1542 1348 ca-

376 1392 567 1459 lumniarum
589 1408 670 1472 quae
692 1385 724 1450 in
746 1380 977 1471 philosophiam
997 1386 1240 1461 coniieereniur,
1257 1407 1373 1451 curam
1395 1384 1542 1452 adhiben-

378 1500 449 1561 dam
472 1514 541 1559 esse
562 1488 710 1564 declarat,
734 1484 875 1573 diligenti
896 1490 1133 1573 magistratuum
1150 1482 1315 1565 electione,
1338 1510 1380 1555 ne
1392 1490 1427 1555 id
1442 1488 1542 1555 denuo

375 1596 571 1689 philosophis
592 1592 719 1658 accidat.
762 1593 850 1655 Haec
868 1590 936 1677 ipsa
955 1590 1052 1675 igitur
1071 1590 1286 1685 philosophiae
1308 1592 1452 1659 defensio
1471 1614 1541 1660 enm

378 1710 410 1770 in
431 1702 527 1767 linem
546 1700 714 1771 faeta-est,
747 1714 789 1759 ne
816 1694 886 1778 quis
908 1692 1064 1759 dubitaret
1086 1694 1337 1780 quineinsmodi
1357 1696 1420 1763 viri
1440 1697 1543 1784 reipu-

377 1805 478 1873 blicae
498 1809 639 1869 rectores
660 1796 866 1864 constituendi
889 1799 959 1867 sint.
1001 1800 1145 1865 Ceterum
1176 1797 1358 1869 describens
1380 1800 1470 1867 Pluto
1492 1822 1542 1867 cn·

377 1907 501 1976 niodum
521 1902 662 1989 ingenia,
695 1903 810 1986 quibus
838 1910 949 1967 natura
977 1901 1113 1986 praediti
1141 1920 1210 1967 esse
1233 1906 1386 1981 debeant,
1417 1902 1541 1971 etbelli

376 2028 543 2080 munerum
564 2016 596 2073 et
615 2003 835 2092 philosophiae
856 2003 1030 2088 aequaliter
1050 2004 1204 2070 rationem
1232 2005 1344 2084 babet,
1369 2016 1471 2093 atque
1499 2006 1541 2073 ita

376 2117 457 2185 banc
476 2113 517 2179 de
537 2111 769 2195 magistratibus
791 2107 1053 2190 disputationem,
1085 2128 1155 2174 cum
1175 2108 1247 2175 iden
1268 2113 1362 2187 boni,
1387 2120 1540 2196 *tanquam

377 2238 498 2287 summo
520 2216 710 2301 reipublicae
731 2211 887 2298 principio
909 2213 1088 2277 necessario
1109 2212 1319 2294 coniunctam,
1343 2215 1445 2299 priori
1468 2236 1541 2299 ope-

375 2324 421 2390 ria
442 2323 536 2407 parti,
559 2338 642 2403 qnae
663 2316 695 2380 iu
716 2315 832 2380 institia
854 2322 1001 2399 tanquam
1023 2312 1225 2382 laudamento
1246 2318 1372 2398 nititur,
1396 2320 1537 2385 annectit

441 2430 539 2490 rTum
570 2422 782 2507 explicaturus
810 2418 883 2484 τίνα
912 2414 1034 2507 τρόπον
1061 2422 1174 2485 δοτέον
1188 2421 1250 2501 εἴη
1280 2418 1320 2486 τά
1348 2418 1539 2549 μαθήματα

376 2532 482 2599 ταῦτα
509 2531 553 2592 ita
574 2524 678 2589 dicere
699 2520 825 2604 incipit:
857 2516 988 2586 addedd
974 2518 1055 2608 ἐμὴ
1079 2519 1448 2611 Znilovdovdpedaf
1437 2516 1488 2592 ότι
1510 2528 1540 2591 ’ἐν

375 2644 435 2755 μὲν
456 2658 494 2726 τι,
516 2632 660 2718 προτέρᾳ
682 2625 797 2718 ε’κλογιῖ
818 2619 1004 2714 πρεσβύτας
1024 2624 1219 2713 ἐξελέγομεν,
1246 2628 1283 2693 ἐν
1299 2630 1336 2693 δὲ
1357 2624 1463 2725 ταύτῃ
1484 2625 1540 2697 οὐκ

374 2729 589 2826 ἐγχωρήσει
554 2731 589 2816 ’,λ
632 2724 767 2795 Σόλωνι
788 2724 852 2818 γάρ
875 2723 914 2793 οὐ
935 2731 1093 2804 πειστέον,
1114 2724 1157 2807 ὡς
1177 2724 1351 2819 γηράσκων
1369 2758 1422 2810 τις
1436 2704 1538 2801 πολλὰ

375 2835 514 2916 δυνατάς
535 2828 737 2921 μανθάνειν,
766 2820 879 2896 άλλ
860 2854 972 2911 ηττου,
987 2827 1180 2955 ἢτρέχειγ·
1214 2836 1293 2899 νέων
1314 2837 1356 2900 δὲ
1371 2830 1490 2914 πάντες
1510 2840 1539 2902 oi

374 2938 515 3034 μεγάλοι
538 2944 591 3004 καὶ
621 2940 653 3002 οἱ
673 2937 788 3001 πολλοὶ
810 2930 916 3000 πόνοι.
955 2929 1115 3019 Ἀνάγκη,
1147 2936 1220 3029 ἔφη.
1268 2934 1385 3004 Trici
1345 2946 1407 3023 μὲν
1433 2940 1539 3007 τοίνυν

374 3044 537 3133 λογισμῶν
571 3066 603 3107 τε
634 3044 687 3104 καὶ
716 3038 916 3125 γεωμετριῶν
943 3061 997 3103 και
1026 3032 1133 3119 πάσης
1155 3040 1212 3121 τῆς
1233 3042 1467 3140 προπαιδείας,
1502 3036 1544 3125 ἣν·

375 3153 433 3232 τῆς
454 3144 657 3225 διαλεκτικιγς
678 3138 730 3207 δεῖ
746 3140 1052 3228 προπαιδευθῆναι,
1078 3146 1193 3209 παισίν
1214 3140 1289 3210 odoi
1307 3142 1371 3233 χρὴ
1372 3143 1538 3237 προβάλ-

374 3259 450 3333 λειν,
473 3246 532 3336 οὐχ
553 3243 595 3325 ως
617 3240 793 3330 ἐπάναγκες
812 3246 940 3330 μαθεῖν
961 3240 999 3308 τὸ
1021 3245 1131 3331 σχῆμα
1152 3246 1209 3327 τῆς
1230 3248 1366 3368 διδαχῆς
1385 3254 1537 3353 ποιουμέ-

245 3420 249 3427 ,
372 3382 459 3434 νους.
506 3352 546 3418 Τί
574 3341 633 3431 δι’,
657 3340 747 3427 ‘',Oce
778 3334 910 3427 ried'³
895 3342 972 3431 εγὼ,
1002 3342 1097 3413 οὐδὲν
1064 3343 1266 3467 ἑμάδιγμα
1287 3349 1369 3437 μετὰ
1391 3340 1537 3435 δουλείας

373 3458 432 3527 τὸν
453 3451 629 3542 ἐλεύθερον
647 3448 710 3541 χρὴ
730 3444 929 3538 μανθάνειν
957 3452 990 3513 oi
1013 3457 1073 3534 μεν
1098 3447 1162 3540 γάρ
1190 3476 1248 3519 του
1270 3449 1423 3565 σώματος
1443 3454 1536 3526 πόνοι

372 3565 433 3653 βία
453 3552 647 3677 πονούμενοι
666 3558 775 3643 χεῖρον
796 3548 891 3619 ουδὲυ
914 3547 951 3617 τά
972 3553 1066 3641 σῶμα
1095 3550 1351 3677 ἀπεργάζονται,
1380 3554 1536 3681 ιγυχῆἑ
1503 3564 1536 3628 δὲ

372 3665 484 3807 βίαιον
506 3656 640 3728 ουδὲν”
621 3681 761 3746 εμμονον
780 3650 944 3744 μάθημα
983 3652 1169 3739 Ἀληθῆᾎ
1151 3684 1224 3752 εφη
1266 3658 1327 3743 Μὴ
1346 3662 1456 3731 τοίνυν
1469 3664 1535 3756 βία,

378 3836 617 3864 ψ...-

442 3945 464 4007 *i
488 3946 561 3999 Num
580 3945 645 4008 qnid
664 3949 750 4008 pateat
768 3957 825 3997 eaae
844 3947 979 4007 apertius,
1000 3956 1079 4008 quam
1099 3944 1170 4009 quod
1188 3951 1266 3999 antea
1284 3947 1417 4014 diximus,
1436 3954 1534 4014 priores

376 4037 549 4102 Reipublicae
570 4035 652 4087 libror
676 4041 792 4099 quatuor
809 4034 917 4087 aiteram
936 4038 1037 4085 mnium
1055 4042 1155 4097 partem
1174 4049 1264 4089 eorum
1282 4051 1350 4102 quaa
1368 4040 1401 4091 de
1419 4040 1534 4103 perlecta

376 4133 480 4211 civitate
499 4122 610 4177 dicende
629 4130 719 4177 essent
734 4127 884 4187 continere,
913 4130 939 4176 et
957 4122 1126 4176 tundamente
1145 4131 1245 4178 tantum
1264 4130 1343 4180 totius
1362 4133 1448 4193 operia
1468 4134 1533 4183 laeta

376 4232 449 4282 aare
479 4216 576 4279 quibus
595 4216 696 4280 reliqua
714 4218 974 4279 superstruerentur,
997 4211 1083 4276 ipram
1110 4216 1219 4268 civitatis
1243 4218 1375 4280 perlectae
1394 4220 1533 4275 absolutio-

375 4308 447 4372 nim,
466 4321 488 4360 a.
506 4308 618 4359 civitatis
637 4303 768 4368 perlectae
787 4310 888 4369 partem
905 4304 1013 4358 aiteram
1031 4303 1148 4367 iibroV.
1168 4296 1214 4360 Vl.
1232 4306 1291 4360 vn
1311 4310 1417 4364 inesset
1523 4342 1525 4345 -
