3334 5142
811 353 1074 447 ’-ιιι-

375 532 445 605 τότ’
465 539 642 635 ἐπῃνοῦμεν
660 533 745 629 πρὸς
765 533 897 622 αὐτοὺς,
919 532 1003 607 deu*
983 564 1021 607 ov
1043 540 1156 616 e'ueivoa
1178 530 1433 625 ἕχαλέπαινον,’
1414 526 1476 603 ὅτι
1491 531 1550 614 τὰς

373 638 485 721 πόλεις
512 638 602 735 αὐτῷ
629 641 861 730 παρεδίδομεν,
888 645 945 711 καί
973 669 1004 710 ιι
1030 643 1178 733 μᾶλλον
1188 636 1271 713 αὐτὸ
1296 641 1352 708 νῦν
1373 634 1551 717 ἆκούονιες

331 819 335 839 ι
372 740 614 836 apellamus,-
608 747 691 829 «Καὶ
708 741 792 813 πολύ
812 772 860 831 ys,
888 732 1008 827 rid*
988 774 1043 827 ος,
1076 770 1103 812 ει
1125 745 1345 837 σωφρονοῦσι.
1372 743 1551 865 Expositis

372 847 497 920 deinde
508 823 683 926 rationihus
705 858 763 916 eur
783 834 816 915 id
838 852 888 915 ita
903 849 1062 927 videatur,
1093 852 1220 918 undem
1241 845 1322 915 Ἴιτι
1347 834 1407 915 οὗν
1429 843 1552 935 ἀγρια-

371 954 476 1034 dodoi,
500 953 612 1041 inquit,
633 948 832 1039 torturas
810 948 917 1042 ημῶν,
938 947 990 1023 ὅτι
1012 958 1089 1074 uplp
1110 948 1289 1031 ἂνπόλιως
1303 976 1342 1019 so
1329 948 1552 1045 φιλόσοφον

370 1053 463 1142 γένος
488 1058 645 1142 ἐγκρατὲς
666 1060 808 1143 γένηται,
832 1054 906 1125 οὔτε
929 1052 1022 1127 πόλει
1045 1053 1119 1133 οὔτε
1141 1056 1292 1133 πολίταις
1313 1053 1420 1124 κακῶν
1434 1055 1551 1121 παῦλα

372 1156 593 1242 seruandae
579 1156 864 1242 ὲὴαολιτιία
875 1154 1427 1285 Ηῆνμυθολογοῦμιαλόγῳ,
1450 1158 1551 1250 ἔργῳ

372 1266 491 1341 τιλος
513 1261 710 1359 inperat
738 1261 887 1345 ''Troe''
869 1282 943 1356 εφη,
966 1252 1074 1346 ἧττον.
1117 1258 1282 1332 Boules
1261 1288 1331 1340 ovs,
1355 1249 1492 1345 ἦνδΨ
1476 1258 1551 1349 εγὼ,

372 1363 419 1454 μὴ
441 1356 539 1449 ἧττον
560 1369 673 1460 φῶμεν
694 1363 825 1447 αὐτοὺς,
848 1363 936 1437 ἄλλα
955 1392 1148 1437 nossoncour
1161 1362 1289 1486 πράους
1302 1368 1471 1453 γεγονέναι
1493 1370 1552 1431 καὶ

372 1466 599 1552 asueioaiorf
585 1496 637 1538 ινα
658 1468 689 1538 εἰ
703 1467 749 1559 μή
768 1496 802 1537 τι
818 1467 911 1551 ἄλλο,
929 1468 1165 1559 αισχυιθέντις
1180 1464 1428 1557 &prolapsionem
1449 1465 1552 1535 Πάνυ

370 1603 395 1661 μ
397 1581 513 1654 roos,
526 1574 616 1667 ἔφη.
637 1574 685 1641 Cf.
701 1598 736 1659 p.
752 1580 825 1653 501,
851 1580 887 1640 E.
924 1576 1002 1655 Quis
1024 1576 1078 1661 qui
1099 1580 1177 1641 haec
1197 1582 1314 1641 attente
1335 1573 1461 1658 legerit,
1485 1594 1553 1639 uon

371 1678 584 1765 plenissimam
604 1678 709 1746 inesse
731 1677 770 1745 iis
787 1679 1027 1763 responsionem
1042 1682 1083 1745 ad
1101 1700 1140 1765 ¹ea
1163 1681 1283 1754 videat,
1301 1699 1388 1763 ,quae
1411 1681 1552 1761 Thrasy-

371 1786 500 1850 machus
521 1785 624 1868 primo
646 1781 730 1848 lihro
751 1790 918 1869 posuerat,
943 1782 1139 1868 magistratus
1159 1790 1218 1849 'sua
1238 1789 1360 1850 tautum
1381 1782 1553 1847 commoda

371 1905 583 1968 eurare‚·uou
601 1883 809 1964 subditorum,
831 1890 1023 1977 idqueesse
1044 1887 1170 1964 iustum,
1193 1907 1274 1973 quae
1295 1888 1451 1953 sententia
1473 1882 1553 1949 oiri-

371 1998 471 2055 tatum
490 1989 645 2057 malarum
658 1998 691 2055 et
705 1990 904 2077 tyrannidum
920 1992 992 2057 lons
1007 1999 1038 2056 et
1057 1994 1148 2075 origo
1170 1995 1237 2056 esti
1268 1992 1345 2073 Cum
1363 2009 1444 2061 uero
1458 1989 1552 2071 ipsae

372 2093 448 2159 illae
469 2083 610 2163 civitates
630 2093 839 2161 miseriarum
853 2097 966 2179 plenae
989 2096 1066 2172 siut,
1084 2097 1165 2182 quid
1187 2101 1291 2182 potest
1312 2094 1445 2180 eogitari
1467 2090 1554 2157 divi-

370 2188 462 2274 nius,
492 2219 587 2281 quam
617 2196 703 2282 quod
728 2198 803 2263 huio
828 2206 892 2263 tam
921 2200 1055 2269 miserae
1075 2201 1205 2263 humaui
1226 2198 1351 2283 generis
1369 2194 1553 2263 eonditioui

372 2323 413 2365 ex
433 2304 568 2397 aduerso
590 2301 698 2386 posuit
718 2301 807 2367 Plato
827 2300 1001 2386 perlectam
1023 2298 1102 2369 hano
1128 2301 1303 2381 civitatem,
1333 2304 1374 2367 ad
1394 2298 1552 2366 iustitiam

371 2424 447 2478 vere
469 2385 695 2490 compositam,
718 2404 752 2471 in
773 2426 850 2493 qua
857 2426 924 2493 per
936 2405 1137 2491 magistratus
1158 2404 1384 2489 philosophos,
1408 2406 1465 2490 qui
1485 2402 1551 2469 illis

370 2511 513 2593 tyrannis
535 2527 576 2589 ιιι
597 2512 740 2581 adverso
752 2501 896 2575 collocati
917 2530 982 2575 non
1003 2512 1068 2577 suis
1090 2512 1263 2591 commodis
1280 2507 1466 2609 considunt,
1491 2509 1551 2573 sed

370 2614 571 2695 subditorum
592 2612 790 2696 solummodo
811 2616 904 2681 saluti
925 2614 1133 2701 prospiciunt,
1156 2618 1292 2687 humano
1313 2600 1425 2699 generi
1446 2611 1551 2677 malo-

368 2736 442 2789 rum
462 2713 535 2796 linis
550 2724 708 2801 paratur
746 2720 835 2797 Quae
863 2720 890 2782 si
914 2738 994 2785 vere
1022 2720 1179 2801 disputata
1208 2724 1296 2793 suut,
1327 2723 1360 2783 et
1385 2716 1441 2783 vix
1466 2723 1548 2799 puto

295 2825 301 2834 '
369 2840 560 2905 quemquam
580 2822 625 2888 iia
641 2824 799 2887 contraria
815 2820 1059 2899 affirmaturum,
1082 2842 1188 2888 uouue
1208 2824 1297 2893 vides
1318 2819 1374 2906 qui
1395 2822 1436 2885 sit
1450 2819 1549 2885 huius

369 2922 488 3007 dialogi
513 2921 623 3005 finies
642 2945 724 3009 guae
752 2927 836 2992 ratio
863 2940 1089 3012 eorumquae
1114 2908 1157 2991 de
1179 2924 1299 2992 iustitia
1321 2922 1548 3007 disputantur?

367 3026 552 3110 Explicatur
580 3029 656 3114 quid
685 3032 727 3093 sit
742 3050 823 3095 vere
845 3029 965 3107 iustitia
985 3037 1018 3094 et
1039 3032 1171 3105 docetur·
1190 3026 1362 3114 perlectam
1385 3028 1547 3093 civitatem

367 3127 406 3195 iu
424 3152 472 3221 eat
485 3129 552 3197 niti.
596 3133 703 3206 Inesse
724 3135 861 3200 autem
852 3156 885 3197 ιιι
905 3132 954 3199 tis
968 3132 1208 3224 responsionem
1203 3134 1261 3198 ad
1275 3152 1323 3209 ea,
1345 3151 1427 3217 quae
1440 3132 1547 3217 primo

367 3231 453 3299 libro
474 3236 723 3323 Thrasymachus
736 3239 777 3304 de
791 3230 930 3303 iustitiae
947 3245 1059 3313 natura
1073 3238 1117 3305 ita
1131 3235 1354 3323 disputaverat,
1378 3242 1414 3299 ut
1426 3233 1547 3301 iustum

368 3357 442 3416 esse·
460 3337 579 3417 diceret
600 3342 686 3423 quod
705 3342 868 3405 civitatum
881 3339 1081 3425 magistratus
1097 3347 1129 3407 et
1142 3340 1301 3423 principes
1317 3338 1446 3415 vellent,
1470 3340 1546 3402 iude

367 3441 466 3510 etiam
484 3439 589 3526 ¹colligi
610 3450 774 3527 putamus,
798 3443 885 3529 quod
906 3452 938 3509 et
958 3448 1019 3511 hoo
1041 3447 1132 3521 loeo,
1161 3452 1193 3509 et
1212 3442 1373 3509 nonnullis
1395 3441 1466 3507 aliis
1490 3443 1546 3525 qui

366 3544 1116 3639 praecesseruutpThrasymaehumsignificavit,
1135 3549 1243 3613 ueluti·
1258 3566 1289 3633 p,
1310 3547 1385 3622 t73,
1407 3549 1444 3611 Ε.
1466 3546 1543 3621 tos,

366 3648 404 3713 C.
429 3651 503 3713 501.
526 3655 607 3713 extr.
632 3650 676 3715 St
699 3708 703 3713 .
720 3652 787 3721 Hos
808 3636 904 3736 igitur
925 3651 998 3728 huie
1020 3656 1159 3719 sermoni
1176 3649 1373 3725 adversarios
1388 3650 1432 3714 ita
1447 3648 1544 3732 plane

369 3750 571 3833 describens,
610 3752 875 3838 quemadmodum
904 3754 1008 3837 primo
1036 3753 1117 3821 libro
1146 3754 1407 3842 Thrasymaehi
1401 3751 1544 3841 indolem

368 3856 461 3922 nohis
481 3858 713 3937 delineaverat,
744 3878 862 3943 eosque
883 3861 1003 3943 pudore
1025 3858 1135 3925 saltem
1156 3865 1327 3941 permotos
1339 3828 1543 3923 ooulessuros

368 3980 438 4053 esse
461 3957 585 4038 dicens
615 3981 690 4045 quo
707 3964 821 4028 eodem
837 3964 943 4051 modo
966 3965 1213 4058 Thrasymachus
1234 3962 1339 4048 primo
1361 3960 1444 4028 libro
1467 3979 1544 4040 oon·

369 4048 470 4127 vietus
497 4072 564 4141 est,
577 4062 687 4136 nohis
712 4065 850 4131 iudicare
877 4064 958 4131 velle
983 4063 1070 4131 Plato
1093 4054 1235 4142 videtur,
1265 4068 1438 4137 cohaerere
1460 4061 1542 4151 haue

369 4165 611 4250 disputationem
633 4190 705 4235 eum
726 4168 778 4247 iis,
806 4186 888 4256 quae
909 4166 993 4237 libro
1004 4171 1118 4254 primo
1140 4191 1159 4235 a
1180 4172 1410 4256 Thrasymacho
1433 4144 1542 4253 dispu-

366 4279 433 4340 tata
453 4273 527 4339 siut
570 4274 716 4344 Ceterum
741 4272 781 4341 el.
802 4277 852 4349 ¹de
879 4272 1109 4361 Thrasymacho
1129 4273 1185 4355 lih.
1200 4276 1234 4343 .1.
1256 4294 1290 4363 p.
1314 4276 1397 4353 338,
1427 4277 1474 4357 ,ΑΓ
1490 4273 1537 4339 st.
