3334 5142
596 446 640 468 1-
682 411 807 480 bl·-

93 599 183 664 μενα
210 575 421 665 γνωρίζωμεν
440 577 503 642 καὶ
531 567 645 642 ἐνόντα
667 574 700 640 ἓν
722 565 774 652 οἷς,
792 573 915 640 ἔνεστιν
936 563 1205 656 αἰσθανώμεθα,
1233 573 1290 638 καὶ

95 675 187 747 αὐτὰ
202 683 276 746 ναὶ
298 675 358 756 τὰς
380 671 508 756 εἰκόνας
530 673 646 757 αὐτῶν,
670 701 697 746 α.
721 705 748 746 τ.
763 679 794 744 e‘.
824 678 917 756 Quod
939 678 966 744 si
988 677 1065 762 quid
1086 676 1180 748 video
1200 674 1292 741 Plato

93 787 166 867 ipse
188 783 345 858 lectores,
372 787 431 848 hac
453 785 688 870 comparatione
710 781 1052 851 literarum-maiorum
1068 779 1290 846 minutiorum-

95 909 161 974 que
187 890 225 952 in
259 888 536 973 eam‘opinionem
558 867 776 964 inductos,ul
798 887 935 952 iustitiae
953 884 1202 970 ,iontem-atque
1225 885 1290 948 ori-

95 995 208 1077 ginem
233 993 271 1055 in
290 993 571 1077 civitate‘reperiri
599 1003 700 1079 posse
714 993 902 1064 (crederent,
917 991 1103 1054 inuectam
1129 989 1213 1052 viam
1238 1007 1290 1052 re·

97 1100 222 1161 ducere
247 1095 350 1162 voluit
369 1115 421 1171 eo,
451 1098 538 1180 quod
556 1099 617 1160 boc
637 1094 707 1160 loco
731 1097 842 1160 eadem
864 1095 1101 1187 comparatione
1124 1089 1289 1156 literarum
1354 1095 1357 1109 '

95 1221 188 1276 usus,
218 1201 349 1263 disertis
367 1201 473 1264 vorbis
485 1197 630 1274 affirmat,
654 1220 717 1263 non
729 1216 822 1284 posse
831 1197 994 1271 literarum
1007 1197 1159 1280 imagines
1171 1214 1289 1281 cogno·

98 1306 155 1379 sci,
182 1302 249 1368 nisi
274 1304 448 1388 quis'ipsas
470 1301 575 1378 literas
598 1304 738 1386 cognitas
764 1303 897 1375 babeat,
920 1302 1032 1365 eodem
1055 1302 1200 1365 modose
1219 1320 1288 1366 rem

97 1411 228 1472 babere.
251 1409 387 1472 innuens
415 1401 492 1470 cum'
510 1408 638 1481 virtute,
662 1412 694 1469 et
715 1406 754 1468 iis
777 1407 887 1478 rebus,
910 1409 991 1487 quae
1012 1404 1171 1478 virtutem,
1198 1405 1289 1488 quasi

98 1512 273 1595 imagines,
297 1517 542 1596 repraesentent.
581 1511 666 1586 Quid
687 1512 770 1573 enim
785 1509 907 1572 iustitia
922 1507 956 1575 iu
973 1508 1100 1583 civitate
1118 1508 1290 1572 aliudesse

98 1622 227 1702 potest,
275 1635 369 1699 quam
396 1614 478 1678 illius
499 1633 595 1678 verae
617 1613 773 1688 iustitiae,
809 1632 891 1697 quae
919 1613 951 1675 in
983 1612 1147 1679 hominum
1172 1611 1289 1676 'animis

102 1725 205 1794 extat,
244 1717 337 1804 quasi
359 1717 472 1801 imago·
491 1719 647 1804 quaedam
672 1739 712 1781 ex
733 1714 785 1781 illa
811 1707 983 1801 expressa?

187 1827 298 1907 litque
328 1823 372 1884 ita
402 1824 476 1885 satis
506 1819 703 1904 explicatum·
722 1841 790 1885 esse
816 1828 984 1904 putamus,
1017 1822 1102 1906 qnod
1131 1818 1289 1885 Scbleier-

102 1926 278 1992 macheras
303 1925 436 2010 intelligi
461 1946 526 1993 non
551 1945 645 2009 posse
672 1933 855 2012 putaverat,
883 1947 970 2010 cur,
1009 1927 1036 1988 si
1062 1927 1097 1988 in
1123 1923 1289 2008 republica

103 2038 291 2096 versaretur
315 2027 438 2105 oratio,
474 2032 665 2095 contrariam
688 2033 827 2114 speciem
851 2030 939 2095 Plato
965 2030 1171 2093 excitaverit:
1194 2026 1290 2115 ¹Will

103 2155 177 2199 man
199 2138 283 2200 aber
305 2132 384 2198 doch
411 2128 474 2208 von
497 2131 617 2198 diesem
637 2135 744 2198 Pankt
765 2137 953 2218 ausgeben,
975 2136 1047 2197 dass
1060 2133 1123 2196 ‘die
1142 2130 1289 2197 baretel-

104 2237 179 2322 lung
199 2241 257 2303 des
285 2242 406 2304 Staates
431 2239 490 2302 der
514 2237 701 2322 eigentlicbe
730 2241 943 2324 Hauptzvveclr
963 2239 1025 2310 soi,
1056 2256 1092 2301 so
1108 2239 1192 2311 wire
1208 2235 1290 2325 docb

106 2346 201 2406 kaurn
223 2365 265 2408 zu
290 2337 467 2426 begieisen,
507 2337 627 2408 varum
652 2341 838 2407 absichtlich
862 2341 919 2406 der
944 2341 1058 2406 Scbein
1085 2344 1142 2406 des
1168 2342 1291 2427 Gcgen·

109 2445 198 2510 theils
220 2447 475 2532 hervorgerulen
501 2449 616 2512 vitre.»
653 2447 700 2510 of.
729 2468 760 2529 p.
788 2447 838 2509 bl.
868 2454 907 2509 et
924 2448 974 2509 65.
1002 2446 1118 2509 introd.

190 2553 301 2626 Idem,
339 2572 435 2636 quum
465 2546 722 2637 praetervidisset
756 2549 895 2616 iustitiae
913 2548 1140 2634 ‘quaestionem
1169 2551 1210 2613 ad
1224 2569 1290 2614 'ex-

108 2656 275 2720 truendam
298 2645 470 2742 perfectam
499 2653 658 2719 civitatem
684 2655 895 2718 necessariam
917 2673 1006 2727 esse,
1036 2673 1169 2737 eamque
1193 2651 1298 2729 adeo,

109 2765 212 2823 mente
234 2757 346 2824 saltem
368 2765 399 2821 et
421 2757 629 2842 cogitatione,
655 2760 851 2843 praecedere
873 2744 1003 2831 debere,
1028 2759 1144 2842 quippe
1162 2757 1287 2840 inqua,

110 2853 262 2947 tanquam
287 2863 493 2944 fundamento
516 2859 711 2935 aedificium,
742 2862 860 2924 civitas
876 2881 947 2924 cum
970 2861 1117 2925 omnibus
1146 2862 1290 2945 partibus

112 2967 173 3029 suis
196 2969 374 3040 niteretur,
403 2987 460 3030 sua
482 2972 601 3030 tantum
627 2985 721 3029 cansa
744 2965 895 3030 iustitiam
916 2963 1066 3049 explicari
1086 2965 1211 3050 putans,
1238 2982 1290 3027 ra-

113 3070 227 3132 tionem
249 3073 444 3156 modumque
466 3091 532 3156 qua
549 3069 691 3133 iustitiae
702 3061 845 3151 quaestio
861 3084 932 3132 cum
948 3069 1131 3154 quaestione
1153 3069 1193 3132 dc
1212 3068 1289 3132 civi-

112 3177 172 3234 tate
192 3175 362 3238 oonioncta
387 3175 437 3248 sit,
466 3171 566 3258 plane
588 3175 761 3242 abhorrere
787 3193 805 3236 a
827 3179 915 3236 recta
939 3174 1062 3236 ratione
1088 3173 1287 3237 existimavit.

114 3273 155 3338 Cl.
172 3298 202 3358 p.
219 3280 277 3351 65,
303 3277 419 3342 introd.
452 3279 516 3341 Nos
538 3277 620 3340 inira
642 3277 839 3352 docebimus,
863 3275 967 3339 iubis
991 3277 1097 3340 omnia
1115 3275 1290 3341 rectissime
1390 3339 1394 3347 ,

115 3396 146 3440 se
166 3378 298 3456 babere,
326 3382 525 3467 partiumque
552 3381 659 3466 operis
674 3377 939 3476 dispositionem,
967 3380 997 3443 si
1019 3398 1040 3442 a·
1062 3381 1167 3465 primo
1193 3379 1287 3455 libro,

116 3484 196 3564 quod
225 3487 384 3572 prooemii
410 3486 510 3556 instar
537 3491 603 3559 est,
641 3492 674 3548 et
706 3505 725 3549 a
759 3482 927 3548 Glauconis
953 3489 1047 3573 atque
1074 3485 1231 3548 adimanti
1255 3485 1289 3545 ln
1333 3478 1337 3491 '

115 3587 219 3668 priore
239 3591 370 3654 secundi
388 3585 460 3653 libri
474 3579 564 3674 parte
578 3587 715 3652 iustitiae
731 3588 1028 3673 vituperationibus,
1055 3584 1170 3672 quibus
1187 3575 1289 3650 aditus

117 3691 279 3777 adipsum
307 3713 484 3758 sermonem
511 3698 731 3778 praeparatur,
765 3693 955 3765 recesseris,
989 3698 1021 3754 ct
1046 3692 1150 3775 ipsum
1176 3690 1289 3774 Operis

118 3807 227 3878 corpus
248 3794 439 3882 respexeris,
466 3795 558 3883 plane
574 3817 643 3860 eam
660 3814 738 3868 esse,
767 3815 861 3876 quam
878 3791 1185 3859 Scbleiermacberus
1200 3792 1286 3869 velit,

118 3890 185 3960 licet
210 3897 303 3964 aliam
331 3897 372 3964 ob
399 3919 545 3975 cansam,
581 3920 675 3984 quam
700 3896 752 3962 ille
775 3896 861 3964 velit.
904 3895 983 3960 Nam
1006 3898 1193 3972 tenendum,
1223 3917 1289 3983 non

120 4002 253 4080 potuisse
276 4005 396 4079 daceri,
427 4006 460 4066 in
482 4025 543 4087 qua
557 4011 598 4067 're
621 4003 753 4066 civitatis
774 4000 863 4086 prius
883 4003 1046 4075 conditae,
1071 3999 1104 4064 id
1125 4002 1211 4084 quod
1233 4003 1289 4067 ssa-

122 4102 193 4180 gitat
217 4105 536 4182 Schleiermacberus,
565 4107 682 4171 iustitia
707 4114 739 4170 et
759 4106 968 4190 temperantia
988 4106 1091 4190 posita
1106 4106 1156 4179 sit,
1178 4105 1239 4168 nisi
1253 4106 1289 4168 in

123 4209 278 4275 condenda
303 4212 428 4275 civitate
454 4218 559 4275 ebrum
583 4211 735 4274 virtutum
758 4206 965 4294 exemplaria,
993 4229 1074 4292 quae
1103 4215 1175 4274 sunt
1195 4227 1287 4293 rope-

123 4310 213 4374 tenda
227 4333 265 4378 ex
280 4316 402 4390 animo,
425 4322 498 4380 ante
518 4313 628 4380 oculos
642 4312 757 4380 babeat
778 4315 940 4391 conditor;
963 4313 1177 4398 virtutumque
1193 4313 1288 4381 disci-
