3334 5142
827 391 1032 453 ...1οἰ-

349 549 458 613 audire
480 549 538 612 tihi
559 550 712 642 ridearis,
726 565 795 614 'nec
817 551 989 635 quidquam
1010 552 1061 614 hic
1081 551 1200 614 serium
1223 551 1359 634 quaeri,
1375 553 1431 616 sed
1452 550 1518 616 lor·

348 655 427 717 tuito
445 657 610 716 'sermones
632 656 715 718 ultro
738 656 879 737 citroque
895 646 992 718 fluere
1008 657 1128 722 credas.
1165 655 1276 718 Facile
1294 656 1374 719 adeo
1389 657 1515 739 aliquis,

348 759 475 840 ignarus
498 758 571 819 artis
590 755 765 840 'dialogicae
788 759 943 832 Platonis,
968 759 1001 837 si,
1016 758 1137 841 reliqua
1157 779 1221 821 non
1244 765 1374 841 spectet,
1401 761 1433 822 in
1456 759 1519 822 sol-

347 862 450 926 venda
472 859 750 942 hecquaestione,
774 855 912 948 πότερον
926 858 1070 947 χαλεπὸν
1089 861 1148 926 τοῦ
1166 863 1242 944 [icoo
1263 887 1293 926 u.-
1313 887 1339 933 c„
1356 863 1379 928 ἑ.
1402 864 1518 946 dialogi

347 963 442 1028 finem
464 965 601 1046 positum
624 986 692 1028 esse
715 966 900 1046 suspicetur.
947 965 1010 1028 Cur
1030 966 1125 1048 igitur
1146 986 1209 1027 non
1231 967 1264 1032 in
1287 988 1336 1041 ea,
1360 968 1476 1050 quippe
1499 987 1519 1030 a

349 1089 411 1152 qua
432 1069 550 1130 oriatur
572 1067 733 1152 dialogus,
766 1069 921 1133 sermonis
943 1067 1039 1132 finem
1061 1071 1275 1152 quaerendum
1298 1091 1366 1134 esse
1388 1077 1519 1152 putave-

348 1178 421 1235 runt
442 1173 650 1254 interpretes?
694 1174 789 1237 Haud
810 1172 926 1249 dubie,
950 1175 1023 1263 quia
1046 1175 1206 1256 graviores
1228 1173 1308 1236 aliae
1331 1181 1514 1257 sequuntur.

346 1267 500 1359 Viderunt
521 1268 804 1352 enim'Platdncm,
835 1296 899 1360 quo
922 1277 1074 1366 sermonis
1096 1275 1518 1361 uulgarisconsuetudinem

347 1381 508 1456 retineret,
532 1400 591 1443 nec
613 1382 645 1442 in
667 1401 846 1445 sermonem
868 1382 1096 1456 irrueret-sed
1118 1383 1294 1464 accederet,
1319 1401 1359 1444 ex
1380 1367 1518 1448 re‘haud

347 1484 391 1545 ita
413 1485 583 1576 recondita,
601 1486 664 1547 sed
685 1482 776 1548 facile
800 1486 898 1547 cuivis
920 1487 1026 1559 obvia,
1051 1466 1204 1549 sermonis
1227 1465 1351 1568 initium
1372 1492 1520 1567 repetere

248 1619 251 1626 ,
348 1588 507 1651 debuisse.
550 1589 646 1664 -Quod
676 1590 714 1652 de
742 1590 898 1655 hocloco
920 1573 1032 1654 omnes
1053 1585 1160 1652 valere
1183 1589 1403 1664 consentiunt,
1433 1589 1518 1653 idem

346 1711 404 1764 nos
427 1692 466 1754 de
489 1692 557 1782 aliis
580 1694 684 1756 valere
706 1678 916 1757 docebimus..
943 1760 947 1767 ⁴
1140 1701 1144 1709 ’
1238 1680 1269 1689 ”
1418 1670 1422 1687 .

432 1795 589 1877 Cephalus
619 1813 716 1859 senex
743 1792 875 1860 festivus
901 1802 934 1860 et
960 1798 1118 1882 locuples,
1152 1798 1206 1879 qui
1228 1802 1422 1860 senectutem
1444 1795 1519 1859 satis

349 1902 513 1963 commode
534 1897 670 1974 ferebat,
694 1902 868 1982 prudenter
890 1909 933 1963 ac*
947 1921 1023 1964 vere
1045 1902 1218 1984 respondet
1238 1903 1278 1963 ad
1300 1920 1439 1982 eaquae
1463 1901 1520 1962 So-

298 2040 300 2046 s
347 2001 447 2067 crates
468 2025 518 2093 ex
549 2023 587 2066 eo
614 2006 829 2087 quaesiverat,
873 2006 1145 2090 interrogatusque
1173 2005 1249 2087 quid
1281 2005 1355 2068 honi
1384 2004 1519 2067 maxime

347 2108 462 2173 divitiis
485 2128 523 2196 se‘
537 2093 742 2188 ¹consecutum
765 2129 833 2170 esse
857 2109 1025 2182 existimet,
1048 2105 1171 2171 facilius
1193 2108 1253 2194 sibi
1268 2102 1306 2169 iis'
1321 2103 1437 2170 iactum
1451 2126 1519 2170 esse

346 2213 515 2296 respondet
536 2213 686 2277 iustitiam
705 2206 832 2288 tucrict
854 2214 964 2288 colere,
988 2213 1023 2274 eh
1038 2213 1349 2295 raodcnaqoccoocaro
1367 2212 1520 2302 meliorem

346 2337 376 2386 sc
408 2337 488 2396 spem
517 2317 622 2378 habere
648 2316 683 2377 dc
715 2317 778 2377 cito
805 2325 874 2396 post
906 2325 1031 2379 mortem
1061 2319 1182 2398 sudoro,
1224 2337 1288 2398 qua
1319 2322 1521 2399 peccatorum

346 2437 469 2503 poenae
497 2420 611 2486 iniuste
636 2426 767 2501 agentes
789 2418 948 2482 maneant.
994 2423 1070 2481 Tam
1093 2426 1166 2504 apta
1187 2428 1235 2482 est
1255 2419 1329 2482 huic
1349 2415 1420 2497 loco
1442 2421 1520 2480 haec

348 2523 431 2586 senis
451 2523 620 2597 sententia,
643 2529 678 2585 ut
701 2543 739 2586 ea
760 2524 840 2586 nihil
862 2523 949 2586 alind
963 2524 1154 2606 quaesivisse
1169 2520 1268 2586 videri
1282 2523 1382 2604 possit
1396 2527 1517 2607 auctor,

347 2627 535 2709 praesertim
563 2646 666 2709 quum,
689 2627 792 2689 obiter
821 2633 941 2693 tantum
963 2627 1172 2714 pronunciata
1193 2627 1249 2701 sit,
1279 2626 1392 2704 necin
1414 2626 1519 2690 statim

347 2731 553 2814 sequentihus
575 2749 678 2792 sermo
702 2732 740 2810 ad
753 2748 833 2793 eam
854 2732 976 2801 redeat.
1023 2731 1086 2794 Sed
1108 2732 1220 2805 eadem
1242 2731 1321 2793 haec
1343 2730 1517 2804 sententio,

321 2847 328 2916 ᾖ
348 2853 410 2917 qua
438 2835 600 2897 introitum
629 2834 736 2914 operis
764 2835 870 2897 ornari
891 2834 1051 2908 videmus,
1084 2836 1143 2897 suh
1172 2830 1267 2897 linem
1287 2830 1440 2907 recurrit,
1476 2829 1516 2895 oi.

328 2951 332 3008 ζ
347 2935 403 3002 lib.
427 2937 468 3000 X.
493 2957 525 3019 p.
542 2920 630 3012 ³614,
648 2937 697 3000 d.
722 2959 812 3020 sqq.,
835 2944 881 2999 -ut
908 2939 972 3000 iarn
996 2939 1048 3000 hic
1075 2939 1196 3002 semina
1225 2938 1330 3021 spargi
1358 2938 1520 3000 videamus

333 3030 458 3106 “eorum
487 3061 571 3124 quae
597 3046 708 3122 postea
735 3042 897 3116 dicentur,
933 3049 966 3105 et
995 3045 1035 3105 ad
1060 3043 1147 3104 idem
1173 3043 1285 3105 redeat
1305 3052 1413 3104 sermo
1434 3041 1519 3103 unde

346 3143 506 3231 profectus
525 3145 583 3220 sit,
608 3131 645 3208 'et
667 3146 759 3227 qua'si'
779 3147 1169 3211 orbem··suum·ahsolvat
1190 3146 1304 3208 oratio.
1350 3144 1521 3226 Haec·igi··

347 3258 408 3324 tur,
432 3250 506 3312 licet
528 3250 772 3315 obiter-tanturn
795 3256 1064 3324 commemorata,
1088 3255 1194 3312 tamen
1215 3246 1344 3311 fortuita
1365 3267 1435 3311 esse
1454 3266 1520 3310 non

346 3361 489 3442 pessunt,
513 3360 544 3418 et
564 3356 663 3436 ipsius
686 3355 769 3417 senis
791 3341 958 3438 personam
981 3353 1061 3418 hanc
1076 3355 1117 3416 oh
1134 3372 1259 3416 cansam
1274 3353 1520 3416 inductamesso

347 3466 502 3542 putamus.
624 3469 641 3483 “’
1161 3468 1163 3473 ’
1381 3478 1399 3515 .’

432 3561 541 3624 Oritur
554 3562 667 3624 deinde
684 3562 824 3646 quaestio
841 3562 881 3625 de
897 3581 936 3625 eo
951 3561 1027 3644 quid
1042 3561 1160 3623 iustitia
1179 3562 1235 3624 sitt
1260 3558 1360 3645 codro·
1378 3551 1409 3623 δ’
1425 3553 1518 3637 αὐτὸ,

348 3659 407 3744 τὴν
421 3650 778 3752 δικαιοσύνην,.πότερα
793 3660 852 3744 τὴν
866 3659 1033 3744 ἀλήθειαν
1048 3659 1137 3729 αὐτὸ
1146 3663 1296 3753 φήσομεν
1314 3653 1398 3728 εἶναι
1409 3656 1520 3738 ἁπλῶς

349 3758 499 3833 οὕτωκαὶ
516 3763 554 3830 rd
569 3763 775 3841 ἀποδιδόναι,
789 3763 830 3832 ἄν
844 3767 893 3844 τίς
907 3791 939 3832 τι
952 3762 1043 3854 παρά
1053 3786 1115 3832 'ron
1131 3761 1217 3858 λάβῃ
1232 3789 1259 3832 κ.
1275 3791 1305 3832 τ.
1318 3767 1342 3832 i.
1365 3765 1520 3852 Cephalus

349 3877 453 3936 autem
480 3869 684 3937 Polemarcho
716 3891 893 3936 sermonem
920 3873 1048 3935 tradens
1079 3873 1118 3934 ad
1146 3871 1380 3956 procurandum
1402 3867 1521 3933 sacrifi-

348 3979 432 4039 cium
466 3976 607 4038 discedit.
654 3976 701 4044 Ad
733 3978 817 4038 hunc
844 3973 948 4038 locum
971 3972 1081 4038 Cicero
1102 3977 1138 4037 in·
1157 3975 1299 4060 epistolis
1320 3975 1361 4036 ad
1382 3975 1520 4047 Amicum

348 4081 401 4154 IV,
428 4081 483 4142 16:
510 4079 628 4154 «Quod
650 4080 683 4140 in
705 4079 743 4141 iis
765 4079 871 4153 libris,
896 4099 975 4162 quos
997 4079 1142 4154 laudavi,
1167 4079 1329 4142 desideras
1350 4096 1521 4158 personam

349 4183 537 4257 Scaeuolae,
569 4203 633 4246 non
664 4204 733 4250 eam
761 4189 880 4246 temere
910 4183 1052 4256 demovi,
1073 4184 1145 4265 -sed
1172 4180 1234 4246 feci
1259 4182 1344 4246 idem
1374 4183 1465 4266 quod,
1486 4181 1520 4246 in

348 4285 508 4377 Πολιτείᾳ
541 4287 618 4350 deus
646 4287 699 4350 ille
726 4292 833 4350 noster
862 4285 960 4369 Plato.
1006 4287 1110 4362 Quum
1132 4287 1165 4350 in
1186 4287 1351 4353 Piraeeum
1370 4285 1521 4352 Socrates
