3334 5142
607 407 753 470 -325
796 440 836 450 -

138 569 253 631 verba:
277 567 333 629 καὶ
354 561 466 654 φῶμεν
486 556 590 641 αὐτὰς
613 563 787 651 τραγικῶς,
814 558 858 640 ὡς
877 558 961 651 πρὸς
980 564 1103 640 παῖδας
1124 554 1212 647 ἡμᾶς
1233 584 1310 652 παι-

138 663 260 749 ζούσας
280 670 336 732 καὶ
358 660 611 755 ἐρεσχηλούσας,
635 660 678 742 ὡς
698 661 739 750 δή
764 664 889 759 σπουδῇ
903 659 1064 750 λεγούσας
1082 660 1311 753 ὑψηλολογου-

138 774 239 856 μένας
260 771 382 854 λέγιιυ,·
405 771 475 833 Non
497 766 632 833 absimili
652 769 775 832 ratione
796 770 820 835 1.
843 770 877 831 Ρ.
901 770 1066 835 Richterus
1091 771 1125 832 in
1147 770 1307 853 Hespero:

139 872 192 938 da¹
208 872 269 939 wir
299 877 405 936 setzen
437 868 565 946 darien,
599 875 670 936 dass
702 874 758 936 das
785 870 1132 955 Mensebengesobleebt
1163 890 1198 935 so
1228 869 1311 934 viele

138 978 365 1040 labrtansende
396 973 486 1049 lohe,
519 976 566 1039 als
602 972 661 1039 der
697 971 823 1037 Menselr
856 976 959 1037 Jabre.
1013 972 1166 1037 Videntur
1199 971 1311 1037 eodem

138 1081 292 1143 trahenda
313 1097 381 1141 esse
402 1079 497 1142 baec:
522 1071 561 1143 οὐ
582 1071 685 1163 μόνον
706 1081 825 1165 φυτοῖς
847 1076 982 1161 ἐγγείοις
1003 1071 1090 1141 ἀλλὰ
1111 1080 1165 1139 καὶ
1189 1074 1223 1142 ἐν
1244 1076 1312 1140 ἐπι-

137 1181 238 1265 γείοις
258 1174 352 1261 ζώοις
374 1175 464 1271 φορὰ
480 1183 535 1244 καὶ
550 1173 678 1270 ἀφορία
700 1178 811 1272 ψυχῆς
831 1202 866 1243 τε
887 1183 941 1243 καὶ
957 1174 1116 1265 σωμάτων
1129 1177 1311 1262 γίγνονται,

139 1274 220 1348 ὅταν
240 1287 434 1370 περιτροπαὶ
456 1275 606 1358 ἑκάστοις
634 1276 759 1349 κύκλων
786 1277 971 1373 περιφορὰς
999 1275 1199 1361 ξυιάπτωσι,
1226 1283 1312 1368 βρα-

135 1384 264 1473 χυβίοις
282 1391 343 1471 μὲν
363 1378 609 1475 βραχυπόρους,
637 1385 795 1462 ἐναντίοις
825 1387 860 1449 δὲ
883 1383 1040 1461 ἐναντίας.
1084 1382 1130 1447 cf.
1154 1382 1207 1451 lib.
1228 1386 1310 1447 Vlll.

138 1510 170 1571 p.
193 1489 265 1552 ild.
291 1489 334 1551 St
377 1490 515 1551 Alteram
543 1490 759 1562 harmoniam,
782 1509 805 1555 s.
828 1486 988 1552 eiulatum
1018 1485 1170 1551 malarum
1196 1485 1310 1550 seriem

27 1639 32 1653 .
139 1593 222 1655 7500
251 1610 349 1654 annos
378 1589 492 1655 durare
519 1588 606 1655 Plato
633 1592 760 1656 iudicat.
808 1593 863 1654 Est
891 1588 942 1653 bio
973 1610 1100 1672 quoque
1128 1591 1311 1654 arbitrarius

138 1714 301 1768 numerus,
330 1691 385 1757 sed
411 1695 600 1757 conveniens
628 1693 737 1779 priori.
779 1697 857 1757 Nam
891 1692 917 1757 si
946 1684 1119 1757 normalem
1154 1692 1309 1767 bominis,

138 1799 171 1859 in
192 1794 330 1879 perfecta
359 1796 482 1859 civitate
505 1796 652 1875 viventis,
681 1803 813 1861 aetatem
829 1803 954 1861 centum
976 1817 1075 1860 annos
1091 1815 1159 1859 esse
1182 1803 1310 1869 statuas,

138 1900 333 1985 septuaginta
355 1901 491 1984 quinque
519 1918 617 1963 anuos
644 1899 764 1964 tribuas
791 1897 971 1964 bominibus
993 1901 1026 1963 iu
1047 1896 1245 1971 civitatibus,
1277 1907 1311 1960 nt

138 2005 325 2087 plerumque
350 2012 436 2076 sunt,
460 2002 556 2066 vitam
578 2001 779 2087 degentibus,
807 2001 836 2067 si
861 2001 949 2067 alteri
977 2000 1159 2065 harmoniae
1186 2021 1210 2064 s.
1233 2002 1311 2065 eivi-

138 2108 193 2169 tati
220 2107 584 2179 bonae10‚000annos
615 2107 770 2189 assignes,
800 2114 867 2170 tum
888 2111 972 2168 reete
1002 2106 1085 2167 7500
1112 2122 1210 2168 annos
1237 2101 1312 2166 eivi-

138 2217 236 2271 tatum
263 2210 503 2290 depravatarum
532 2210 627 2279 seriei
660 2207 843 2293 assignabis.
889 2209 949 2271 Sed
976 2204 1190 2290 expendamus
1215 2203 1312 2269 verba

52 2369 56 2377 .
139 2309 279 2392 singula,
314 2308 346 2373 in
378 2308 492 2394 quibus
529 2310 721 2395 explicandis
755 2317 847 2375 antea
883 2308 1069 2374 erravimus.
1117 2308 1313 2373 Diametrum

138 2409 268 2476 alicuius
293 2412 419 2476 numeri
446 2412 655 2477 Schneiderus
683 2434 756 2478 eum
786 2433 952 2477 numemm
979 2413 1042 2476 dici
1066 2414 1192 2486 docuit,
1224 2414 1312 2474 euius

139 2517 309 2598 quadratus
334 2514 450 2600 duplex
471 2514 511 2579 sit
536 2514 678 2600 quadrati
705 2517 784 2581 alius
805 2515 939 2579 numeri.
984 2516 1031 2579 of.
1056 2512 1156 2600 prael.
1182 2517 1222 2578 ad
1246 2512 1309 2578 vol.

138 2620 192 2680 lll.
222 2638 255 2699 p.
286 2620 400 2682 xxvl.
452 2619 540 2682 Idem
574 2616 707 2683 addidit:
746 2618 922 2694 »Quoniam
958 2618 1060 2683 nullus
1095 2618 1135 2683 sit
1164 2636 1313 2682 numerus

137 2718 323 2803 quadratus,
347 2720 400 2805 qui
426 2719 545 2803 duplex
565 2720 605 2785 sit
626 2722 771 2804 quadrati
792 2719 888 2799 alius,
918 2720 1065 2785 diametri
1085 2740 1202 2785 nomen
1215 2719 1313 2783 arith·

140 2821 271 2885 metioos
297 2822 337 2886 iis
364 2823 505 2887 numeris
537 2822 705 2899 indidisse,
741 2844 877 2909 quorum
908 2824 1050 2909 quadrati
1080 2844 1144 2888 non
1177 2822 1312 2905 amplius

138 2927 272 2989 monade
306 2923 467 2989 differrent
489 2946 506 2989 a
526 2924 689 3011 duplicatis
721 2926 893 3012 quadratis.
938 2929 984 2990 lta
1010 2929 1225 3008 septenarium,
1246 2927 1313 2989 dio-

137 3038 265 3091 metrum
285 3030 422 3111 quinarii
442 3030 586 3110 effabilem
607 3051 700 3092 essem
744 3031 844 3095 Porro
859 3025 1032 3117 ἀριθμοὺς
1049 3024 1115 3093 ἀπὸ
1131 3030 1313 3116 διαμέτρων

138 3128 199 3194 diei
224 3138 344 3196 constat
366 3150 515 3195 numeros
540 3134 580 3195 ab
610 3130 679 3216 ipso
707 3132 863 3197 diametro
889 3134 1066 3215 profectos,
1093 3131 1169 3196 be.
1194 3129 1312 3195 diame-

138 3241 259 3297 trorum
292 3237 470 3317 quadratos.
515 3233 723 3300 Schneiderus
750 3246 785 3301 ut
815 3237 848 3299 id
878 3238 1028 3320 probaret
1057 3238 1140 3301 hune
1170 3235 1313 3298 Menonis

138 3335 242 3399 locum
273 3335 391 3399 attulit:
419 3332 485 3402 ἀπὸ
515 3338 573 3417 τῆς
600 3339 777 3416 διπλασίας
799 3334 837 3402 ori
867 3332 1056 3416 διπλάσιον,
1085 3333 1171 3402 σἰλλόι
1199 3360 1313 3425 τετρα·

137 3432 279 3501 πλασιον
299 3438 441 3520 γίγνεται
462 3440 590 3526 χωρίον.
625 3441 671 3505 cf.
693 3463 725 3523 p.
750 3443 810 3517 83,
829 3443 865 3504 Β.
888 3441 933 3503 st.
965 3434 1130 3526 Ἀριθμοὶ
1152 3434 1218 3504 ἀπὸ
1241 3441 1313 3504 δια-

137 3542 263 3624 μέτρων
285 3540 388 3623 ῥητῶν
410 3538 578 3626 πεμπάδος
610 3539 756 3627 δεόμενοι
777 3539 849 3619 ἑνὸς
870 3545 1002 3607 ἕκαστοι
1024 3550 1096 3606 sunt
1112 3541 1207 3626 igitur
1223 3542 1314 3605 unde·

138 3645 404 3725 quinquagenarii,
428 3644 541 3729 quibus
561 3646 690 3731 singolis
717 3666 813 3710 unum
844 3644 947 3718 deest,
972 3648 1003 3708 b.
1025 3668 1053 3713 e.
1074 3647 1313 3727 duodequinqua-

138 3748 273 3826 genurii,
297 3754 330 3807 ut
353 3757 438 3810 reete
459 3747 536 3814 vidit
557 3751 777 3814 Schneiderus.
823 3747 871 3811 Cf.
892 3750 914 3811 l.
932 3747 953 3811 Ι.
980 3769 1012 3830 p.
1032 3750 1205 3811 Lxxxxl.
1229 3750 1313 3811 ulam

139 3867 236 3930 quum
252 3847 405 3913 diameter
429 3851 564 3915 effabilis
591 3853 726 3935 quinarii
745 3853 942 3936 septenarios
957 3855 1014 3925 sit,
1041 3851 1131 3915 euius
1145 3854 1313 3934 quadratus

139 3952 508 4036 undequinquagenarius
536 3962 598 4027 est,
624 3974 879 4038 unumquemque
906 3963 1030 4018 eentum
1054 3953 1180 4017 illorum
1206 3972 1315 4017 nume·

138 4071 268 4127 rorum,
291 4053 409 4138 quippe
440 4055 491 4119 eui
506 4076 615 4121 monas
637 4059 677 4121 ad
699 4060 885 4142 quadratum
902 4060 1012 4121 deesse
1036 4059 1172 4131 dicatur,
1196 4058 1316 4121 duode-

138 4156 442 4239 quinquageuarium
471 4178 540 4222 esse
570 4162 804 4244 consequitur«
858 4158 971 4223 Verbis
997 4154 1147 4249 ἀρρήτου
1169 4161 1205 4224 δὲ
1227 4160 1315 4225 δυεῖν

139 4259 272 4321 eandem
299 4279 368 4324 rem
413 4258 583 4343 significari
610 4265 810 4328 Hermannus
840 4261 999 4328 intellexit.
1055 4261 1101 4326 cf.
1133 4262 1154 4327 l.
1172 4261 1193 4325 l.
1219 4280 1252 4347 p.
1265 4262 1316 4327 Vl.
