3334 5142
834 419 1065 491 ...pop-

374 584 486 662 scitur,
517 604 581 649 non
604 582 698 667 plano
721 583 796 649 loeo
817 590 996 659 moveatur,
1022 585 1078 649 sed
1103 588 1222 649 tantmo
1248 580 1453 649 collustretur
1467 582 1541 649 idea

373 689 462 755 boni.
506 692 585 754 Nam
605 696 642 752 nt
659 707 765 753 sermo
781 686 932 751 aiustitia
954 688 1067 762 oritur,
1094 686 1148 765 ita,
1168 684 1254 751 finita
1276 686 1486 772 disputatione
1502 685 1542 750 de

378 796 450 859 idea
476 790 568 870 boni,
601 793 641 855 ad
675 793 761 855 idem
789 792 980 874 principium
1012 790 1119 855 redire
1145 808 1324 857 sermonem
1350 788 1540 855 videbimus.

375 898 510 963 Easdem
533 914 613 961 vero
638 892 732 959 etiam
750 897 812 959 boc
827 896 901 959 loco
926 900 1009 958 artes
1033 892 1311 977 deprehendimus,
1337 895 1452 978 quibus
1475 914 1545 957 sae-

376 1001 448 1085 pius
473 1000 619 1064 Socrates
647 1017 687 1063 eo
715 996 850 1062 consilio
874 1018 950 1063 usus
971 1006 1034 1073 est,
1061 1006 1097 1062 ut
1121 996 1226 1062 dicere
1249 1006 1358 1082 posset
1385 994 1545 1061 derebus

376 1124 395 1167 a
422 1100 485 1167 tine
508 1101 624 1185 operis,
650 1120 745 1188 quem
768 1100 873 1166 rideri
895 1098 1030 1177 volebat,
1058 1100 1176 1177 alienis,
1201 1107 1235 1165 et
1254 1108 1290 1166 ut
1308 1101 1357 1166 his
1378 1100 1473 1166 etiam
1491 1120 1547 1164 ve-

375 1205 549 1271 rosimilius
572 1203 679 1280 fieret,
717 1224 751 1269 se
776 1211 919 1270 coactum
942 1207 1157 1270 tantummodo
1183 1207 1222 1268 de
1244 1204 1429 1279 mulierum,
1458 1205 1546 1267 viro-

373 1330 446 1374 rum
470 1306 705 1396 liberorumque
730 1310 950 1374 communione
972 1307 1070 1373 aede
1091 1306 1322 1392 magistratibus
1346 1308 1544 1373 disseruisse.

373 1416 454 1477 liam
474 1415 554 1477 banc
578 1432 648 1477 rem
673 1420 766 1486 certe,
791 1411 831 1476 de
851 1433 913 1497 qua
933 1432 1017 1477 nnnc
1035 1414 1209 1477 accuratius
1224 1412 1328 1477 dicere
1348 1410 1434 1476 nolle
1458 1412 1547 1476 ride·

371 1524 443 1591 tur,
466 1509 487 1581 d
506 1519 619 1600 μέντοι
639 1518 794 1602 μέγιστον
813 1511 963 1602 μάθημα
983 1520 1039 1581 καὶ
1060 1520 1132 1601 περὶ
1154 1506 1174 1580 b'
1191 1540 1224 1581 τι
1245 1510 1329 1583 αὐτὸ
1350 1518 1463 1600 λέγεις,
1486 1515 1546 1579 οἴει

376 1615 434 1685 τιν’
457 1615 500 1685 ἄν
520 1641 566 1699 σε,
588 1617 664 1710 ἔφη,
687 1614 822 1709 ἆτμεῑναι
843 1616 889 1704 μὴ
910 1614 1129 1708 ἐρωτήσαντα,
1150 1619 1182 1684 τι’
1195 1620 1300 1699 ἐστιν;
1326 1612 1372 1683 Οὐ
1387 1612 1485 1696 πάνυ,
1507 1604 1546 1695 ἦν

376 1717 410 1787 ‹l'
434 1715 504 1806 ἐγώ·
527 1718 614 1788 ἄλλα
631 1727 687 1788 καὶ
701 1721 742 1789 σὺ
757 1718 873 1809 ἐρώτα.
901 1717 1043 1801 Πάντως
1059 1718 1141 1788 αὐτὸ
1154 1716 1375 1806 οὐκ·ὀλιγάκις
1390 1714 1545 1801 ἀκήκοας,

375 1825 433 1892 νῦν
448 1826 490 1890 ’δὲ
511 1821 541 1905 ἢ
554 1820 615 1891 οὔκ
634 1826 751 1903 ἐννοεῖς
771 1822 793 1906 ἢ
814 1810 858 1892 αὖ
881 1827 995 1917 διανοῇ
1014 1828 1083 1911 ἐμοὶ
1098 1820 1276 1914 πράγματα
1290 1827 1442 1914 παρέχειν
1456 1818 1547 1889 ἆντι-
1636 1854 1639 1967 ρ

377 1923 635 2014 λαμβανόμενος.
649 1920 749 2015 ὀἶμαι
771 1932 808 1995 dl
829 1931 927 1995 τοῦτο
948 1930 1075 2013 μᾶλλον
1096 1954 1124 1995 κ,
1146 1953 1176 1993 τ.
1200 1930 1239 2005 εἴ,
1262 1931 1423 1994 Socratem
1442 1929 1547 2013 ipsum

379 2040 532 2116 qnantum
548 2032 623 2097 satis
644 2042 728 2097 esset
746 2032 904 2119 explicare
919 2032 1068 2107 voluisse,
1094 2034 1235 2117 sequitur
1248 2052 1288 2097 ex
1301 2033 1340 2097 iis
1354 2051 1437 2119 qnae
1454 2038 1548 2095 antea

376 2134 511 2219 legimns
531 2157 565 2218 p.
589 2139 663 2211 007,
685 2139 725 2200 0.
749 2137 815 2201 ἐπεὶ
837 2132 952 2201 καὶτὸ
974 2131 1089 2201 λοιπὸν
1111 2130 1149 2203 οὐ
1171 2130 1300 2213 πάντας
1321 2136 1445 2225 ῥᾷστον
1462 2136 1547 2200 dccl·
1607 2131 1616 2192 ι’

377 2242 467 2305 θεῖν.
517 2236 565 2304 Τὸ
592 2244 704 2321 ποῖον,·
740 2240 822 2306 Τι’να
843 2234 966 2329 τρόπον
987 2240 1268 2328 μεταχειριζομένη
1290 2234 1385 2315 πόλις
1407 2241 1548 2329 ‹palaeo-
1590 2211 1607 2387 s

378 2342 463 2435 φίαν
490 2336 530 2407 οὐ
551 2343 720 2408 διολεῖται.
763 2342 811 2407 Cf.
843 2340 913 2410 c‘am
939 2346 999 2407 boc
1027 2341 1098 2407 loco
1122 2362 1153 2428 p.
1181 2346 1261 2417 503,
1292 2343 1326 2405 0.
1344 2363 1380 2424 p.
1402 2344 1483 2417 504,
1511 2343 1546 2404 Ι).

379 2454 412 2511 et
438 2447 609 2532 praecipue
640 2466 674 2529 p.
708 2448 787 2524 500,
819 2449 867 2509 Ι).-
906 2440 1030 2512 (liseria
1062 2441 1170 2526 ἐπειδὴ
1205 2446 1303 2511 τοῦτο
1329 2440 1428 2531 μόγις
1456 2446 1549 2521 τέλος

380 2547 461 2636 ἔσχε,
482 2545 525 2613 τὰ
545 2550 697 2615 ἐπίλοιπα
719 2546 759 2630 δὴ
780 2545 981 2636 μετὰ-τοῦτο
1003 2552 1139 2629 λεκτέον,
1161 2548 1235 2615 τίνα
1257 2543 1380 2637 τρόπον
1402 2543 1548 2634 ἡμῖνκαὶ

380 2653 422 2717 ἐκ
451 2653 571 2718 τίνων
598 2648 863 2739 μαθημάτων
892 2660 929 2718 ’τε
963 2658 1019 2719 καὶ
1051 2648 1311 2739 ἐπιτηδευμάτων
1341 2655 1374 2717 οἱ
1400 2652 1546 2738 σωτῆρες

379 2757 546 2822 ἐνέσονται
574 2758 634 2836 τῆς
660 2757 826 2833 πολιτείας
853 2780 885 2821 κ.
915 2780 946 2820 τ.
974 2757 1001 2821 ἑ.
1042 2754 1104 2820 Sed
1135 2777 1200 2821 non
1234 2756 1374 2822 contenti
1400 2756 1449 2820 bis
1483 2775 1547 2820 non

379 2858 558 2927 dubitamus
580 2857 753 2935 affirmare,
778 2863 860 2924 hano
887 2881 954 2925 rem
982 2861 1159 2935 Socratem,
1187 2867 1341 2945 ‹quantum
1367 2858 1442 2923 satis
1467 2866 1550 2923 esset

378 2966 418 3027 ad
439 2967 523 3028 bunc
544 2966 585 3028 de
598 2962 770 3049 Republica
786 2983 974 3037 sermonem,
995 2962 1132 3028 voluisse
1150 2949 1306 3049 explicare
1329 2964 1423 3027 etiam
1446 2964 1549 3045 magis

377 3086 473 3151 quam
500 3066 660 3132 iustitiam.
703 3071 783 3131 Nam
810 3090 852 3160 εις
873 3068 1002 3132 notione
1025 3069 1093 3131 eius
1117 3069 1202 3151 quod
1227 3065 1346 3131 bonum
1374 3072 1458 3130 esset
1481 3068 1550 3151 ipsa

377 3170 516 3235 institiae
536 3171 624 3235 notio
648 3173 827 3249 derivatum
853 3170 907 3235 illa
928 3180 976 3237 est
996 3191 1150 3235 summum
1168 3168 1212 3234 ac¹
1228 3190 1338 3235 rerum
1359 3168 1550 3259 principium

380 3271 540 3356 perfectae
561 3273 715 3352 civitatis3
751 3274 836 3339 illam
861 3274 1041 3360 'philosophi
1067 3274 1101 3338 in
1126 3272 1290 3339 condenda
1318 3279 1350 3337 et
1375 3271 1549 3338 ordinanda

380 3376 507 3441 civitate
522 3380 664 3442 contueri
685 3380 803 3471 debent
820 3385 853 3442 et
874 3380 973 3462 sequi,
998 3379 1263 3463 quemadmodum
1283 3396 1422 3443 summus
1440 3379 1551 3441 muudi

379 3478 488 3562 opifex
504 3484 609 3556 'Deus,
632 3503 730 3565 quom
753 3481 997 3567 pulcherrimum
1020 3482 1173 3547 mundum
1196 3483 1358 3556 conderet,
1382 3479 1490 3546 omnia
1513 3479 1553 3546 ad

376 3583 463 3649 illam
485 3582 607 3649 direxit.
650 3590 744 3651 Recte
767 3585 864 3669 igitur
888 3584 972 3671 quod
1001 3588 1104 3651 obiter
1125 3600 1307 3660 monemus,
1343 3581 1551 3669 philosophus

380 3690 542 3752 Timaeum
567 3708 638 3753 cum
662 3688 835 3774 Republica
861 3692 1026 3776 copularit.
1069 3693 1148 3753 Nam
1176 3696 1211 3755 ut
1238 3690 1271 3754 in
1297 3690 1426 3752 Timaeo
1452 3686 1550 3752 totius

378 3789 488 3855 mundi
515 3790 709 3857 creationem
740 3800 771 3857 et
796 3792 959 3869 ordinem,
997 3794 1042 3857 sic
1075 3794 1107 3858 iu
1135 3791 1184 3857 bis
1208 3791 1298 3856 libris
1323 3789 1548 3877 Reipublicae,

380 3913 420 3957 ex
441 3892 552 3958 iisdem
570 3895 732 3980 principiis
751 3896 928 3978 explicavit.
972 3898 1057 3961 Haec
1081 3894 1145 3961 duo
1165 3895 1261 3979 igitur
1276 3914 1375 3976 opera
1395 3896 1428 3957 in
1450 3914 1551 3959 unum

379 3998 468 4081 qnasi
498 4015 612 4082 corpus
642 3998 828 4063 coalescunt.
873 4002 924 4063 Sic
954 4006 1061 4063 nostra
1090 4002 1129 4063 de
1155 3996 1357 4083 Reipublicae
1386 3996 1448 4061 fine
1479 4017 1553 4061 sen-

378 4100 475 4163 tentia
505 4102 633 4185 egregie
657 4099 807 4165 firmatur.
853 4100 947 4179 Quod
978 4105 1005 4167 si
1031 4122 1107 4167 vero
1128 4102 1160 4166 in
1182 4102 1299 4166 institia
1318 4109 1464 4165 versetur
1486 4100 1553 4165 dia-

378 4200 482 4286 logus,
509 4210 575 4268 tum
600 4207 714 4270 horum
736 4218 868 4291 opernm
892 4204 1062 4271 similitudo
1082 4203 1165 4271 nulla
1188 4212 1256 4283 est,
1286 4225 1344 4269 nec
1365 4202 1554 4291 intelligitur

380 4326 438 4372 cnr
460 4326 499 4371 aa
519 4308 668 4396 coniungi
690 4308 828 4379 voluerit
853 4316 972 4377 auctor⁴
