3334 5142
838 429 1067 494 ..324-

358 588 422 674 μός
443 581 552 663 ἰσάκις
572 590 645 663 ἴσος
666 586 768 665 ἐστίν,
796 577 900 665 οὕτως
920 582 1131 669 δικαιοσύνης
1153 584 1318 667 οἰδοποιός
1344 594 1397 655 καί
1426 591 1533 659 ἔπιδε·

358 687 470 767 κτικὸς
488 684 529 755 ἀν
554 689 612 769 τίη.
633 688 698 766 πᾶς
716 690 753 754 δὲ
778 684 980 778 τετράγωνος
1007 686 1115 769 ἰσάκις
1143 692 1215 769 ἴσος
1241 686 1392 781 ὑπάρχει.
1440 693 1533 761 Adde

352 794 501 858 'Brendis
532 792 643 857 histor.
672 790 749 876 phil.
773 812 805 876 p.
833 795 1011 878 Ι.ρ.173.
1041 793 1098 858 ubi
1118 796 1201 859 hune
1230 796 1399 861 Alexandri
1425 796 1531 863 locum

356 896 464 961 affert:
489 895 547 975 τῆς
567 901 627 980 μὲν
646 891 712 982 γάρ
734 890 944 976 δικαιοσύνης
973 897 1057 963 ἴδιον
1078 891 1366 982 ὑπολαμβάνοντες
1387 888 1471 965 εἶναι
1492 897 1531 965 τὸ

357 992 603 1074 ἀντιπεπονθός
624 1022 657 1063 τε
679 1001 734 1062 καὶ
755 998 844 1077 ἴσον,
873 1000 906 1065 ἐν
927 1003 996 1077 τοῖς
1018 995 1183 1086 ἀριθμοῖς
1209 1001 1308 1067 τοῦτο
1330 995 1533 1089 εὑρίσκοντες

358 1096 502 1176 ὃν,διά
525 1101 740 1165 τοῦτοκαὶ
762 1096 832 1167 τὸν
854 1094 997 1179 ἰσάκις
1026 1102 1117 1168 ἴσον
1140 1097 1335 1191 ἀριθμὸν
1367 1104 1533 1192 πρῶτον

357 1204 499 1286 ἔλεγον
520 1192 628 1268 εἶναι
649 1198 931 1284 δικαιοσύνην.
973 1206 1031 1269 llis
1052 1203 1530 1271 addePlut.de1sid.etOsir.

356 1326 388 1393 p.
409 1309 483 1382 370,
506 1325 600 1392 quem
621 1304 760 1371 laudarit
780 1306 924 1371 Brandis.
947 1308 991 1375 ib.
1013 1327 1044 1392 p.
1066 1308 1137 1371 503.
1160 1310 1191 1372 οἱ
1213 1315 1271 1393 μὲν
1290 1312 1533 1394 Πυθαγορικοὶ

354 1406 412 1476 διά
432 1405 588 1475 πλειόνων
602 1403 772 1495 ὀνομάτων
786 1411 1021 1498 κατηγοροῦσι,
1044 1411 1103 1475 τοῦ
1124 1417 1183 1495 μὲν
1205 1404 1344 1496 ἀγαθοῦ
1366 1407 1405 1475 τὸ
1418 1406 1469 1490 ἓν,
1492 1408 1532 1476 τὸ

356 1515 614 1601 πεπιρασμενον,
636 1508 674 1579 τὸ
696 1515 809 1597 μένον,
832 1509 871 1577 τὸ
886 1508 992 1591 εὐθύ,
1015 1508 1053 1577 τὸ
1068 1508 1239 1602 περισσὸν,
1262 1510 1310 1579 τὸ
1333 1508 1532 1602 τετράγω-

357 1639 442 1690 νον,
466 1666 474 1681 .
497 1666 505 1681 .
528 1665 537 1681 .
559 1666 567 1680 .
592 1658 602 1677 .
626 1615 685 1680 τού
699 1616 736 1680 δὲ
757 1615 861 1682 κακοῦ
883 1611 942 1695 τήν
964 1609 1087 1694 δυάδα,
1109 1612 1147 1680 τὸ
1170 1612 1320 1705 ἄπειρον,
1341 1610 1534 1707 τόφερόμο-
1562 1635 1570 1649 ·

355 1742 429 1797 νον,
450 1713 489 1783 τὸ
511 1712 699 1803 καμπύλον,
722 1714 760 1783 τὸ
783 1714 914 1807 ἀρτιον,
937 1714 975 1783 τὸ
997 1713 1259 1807 ἑτερόμηκες,
1281 1744 1310 1785 κ.
1332 1742 1362 1785 τ.
1383 1720 1408 1786 ἑ.
1453 1719 1532 1784 Cum

355 1820 405 1886 his
425 1820 580 1887 consentit
599 1819 761 1886 Aristotel.
782 1828 856 1885 met.
881 1824 917 1884 A.
942 1823 972 1884 5.
995 1811 1049 1886 ίίτι
1069 1817 1109 1886 τὸ
1130 1825 1189 1905 μὲν
1203 1823 1325 1886 τοιονδι
1341 1821 1405 1887 τῶν
1425 1816 1533 1911 ἀριθ-

357 1924 426 2009 μῶν
453 1918 571 2000 πάθος
600 1917 809 2003 δικαιοσύνη,
838 1947 867 1987 κ.
891 1947 918 1989 τ.
942 1924 966 1989 ἑ.
983 1930 1014 1988 et
1031 1927 1106 1989 Met
1129 1927 1172 1999 N,
1196 1926 1217 1988 4
1238 1945 1272 2006 p.
1298 1926 1398 1999 1091,
1428 1926 1449 1987 b
1477 1928 1530 1989 35.

355 2029 388 2093 οί
409 2027 444 2092 δὲ
465 2028 596 2110 λέγουσι
614 2021 653 2091 τὸ
675 2022 790 2091 ἀνισον
812 2021 872 2106 τήν
892 2026 953 2091 τοῦ
974 2027 1079 2092 κακοῦ
1094 2022 1205 2117 φύσιν.
1247 2029 1417 2095 vocabulis
1436 2026 1533 2111 igitur·

355 2132 428 2209 ἴσην
450 2124 559 2205 ἰσάκις
579 2136 612 2192 et
633 2123 774 2214 ἰσομήκη
795 2134 855 2213 μὲν
876 2128 930 2221 τῇ,
954 2123 1105 2217 προμήκη
1128 2130 1163 2193 δὲ
1178 2128 1336 2193 indicatur
1354 2132 1530 2214 proprietas

356 2230 511 2318 quaedam
531 2231 672 2307 numeri,
695 2251 760 2297 non
779 2233 848 2317 ipse
862 2251 1033 2306 numerus,
1055 2251 1154 2317 porro
1174 2232 1346 2317 oblongum
1362 2252 1529 2297 numerum

354 2356 451 2399 unum
471 2335 553 2400 latus
574 2354 646 2400 cum
658 2336 767 2418 priore
779 2355 944 2399 commune
961 2333 1089 2403 hahere.
1134 2332 1237 2414 »Ἴσην
1251 2330 1399 2413 iecissem
1423 2354 1532 2399 secun·

355 2436 430 2503 dum
451 2458 490 2501 ea
511 2458 593 2521 quea
614 2436 766 2513 diximus,
796 2437 935 2520 pertinet
961 2435 1000 2501 ad
1028 2436 1186 2501 civitatem
1215 2440 1348 2510 bonam,
1375 2432 1529 2524 προμήκη

356 2539 397 2604 ad
417 2542 571 2605 malarum
593 2542 753 2604 civitatum
774 2542 908 2613 seriem,
931 2560 1012 2625 quae
1036 2541 1112 2605 item
1132 2560 1228 2604 unam
1250 2540 1446 2605 harmoniam
1467 2536 1534 2604 effi·

355 2646 451 2710 ciunt
509 2646 666 2707 Numerus
697 2644 767 2724 ipse
801 2644 920 2725 prioris
951 2642 1135 2708 harmoniae
1165 2666 1191 2707 s.
1222 2641 1324 2707 bonae
1354 2644 1535 2708 continetur

354 2746 462 2811 verbis
482 2743 600 2811 ἑκατὸν
621 2740 835 2823 τοσαυτάκις,
860 2742 973 2829 quibus
989 2747 1145 2811 indicatur
1165 2756 1281 2809 centem
1305 2748 1413 2809 cestim
1435 2765 1533 2810 annos

356 2870 426 2913 eam
448 2847 640 2917 duraturam.
684 2852 730 2912 Ne
752 2848 896 2924 mireris,
920 2847 1007 2934 quod
1027 2857 1089 2913 tam
1111 2848 1165 2913 diu
1193 2852 1273 2914 hanc
1295 2851 1453 2913 civitatem
1476 2851 1534 2913 du-

355 2973 428 3017 rare
449 2950 525 3017 velit
546 2951 652 3027 Plato,
676 2971 773 3035 quum
795 2952 969 3025 civitatem,
992 2971 1073 3035 quae
1096 2960 1143 3016 est
1165 2953 1322 3035 descripta
1343 2951 1374 3015 in
1397 2949 1531 3034 legibus,

355 3056 499 3141 proxime
520 3053 789 3119 immortalitatem
811 3074 880 3119 esse
902 3053 1032 3128 dixerit,
1061 3048 1104 3138 ἣν
1126 3056 1160 3119 δὲ
1183 3055 1240 3120 νῦν
1265 3050 1361 3139 ήμιῖς
1382 3055 1532 3139 ἐπικεχει-

356 3154 515 3244 ρήκαμεν,
539 3159 587 3236 εἴη
611 3180 644 3222 τε
657 3152 698 3222 ίίν
711 3160 865 3241 γινομένη
879 3182 948 3235 πως
959 3152 1156 3234 ἀθανασίας
1171 3152 1343 3241 ἐγγύτατα.
1388 3155 1432 3221 Cf.
1447 3155 1529 3239 legg.

232 3280 238 3290 ·
355 3259 412 3325 lib.
435 3261 474 3325 V.
497 3280 530 3345 p.
554 3261 626 3325 739.
649 3266 730 3323 extr.
755 3260 820 3324 Cur
840 3280 918 3324 vero
941 3258 1098 3325 civitatem
1112 3259 1283 3345 perfectam
1304 3280 1404 3323 annos
1419 3268 1535 3323 ceratam

355 3366 463 3427 centies
485 3367 601 3428 durare
622 3361 776 3437 voluerit,
797 3360 833 3426 id
852 3361 896 3427 ita
916 3361 1120 3448 explicamus.
1165 3364 1261 3428 Libro
1283 3366 1325 3427 X.
1343 3383 1376 3447 p.
1398 3364 1461 3426 615
1484 3364 1529 3425 in.

356 3469 401 3531 St.
425 3473 560 3531 aetatem
582 3466 717 3531 hominis
738 3472 864 3530 centnm
885 3486 983 3530 annos
1005 3464 1120 3530 durare
1134 3467 1253 3538 statuit,
1276 3468 1375 3531 τοῦτο
1398 3460 1430 3529 δ’
1450 3453 1534 3530 εἶναι

356 3566 443 3636 κατά
470 3568 765 3657 ἑκατονταετηρίδα
792 3563 946 3648 ἑκάστην,
976 3563 1019 3645 ὡς
1045 3572 1123 3652 βίου
1153 3565 1248 3645 ὄντος
1283 3562 1443 3634 τοσούτου
1475 3566 1534 3632 τοῦ

357 3667 586 3761 ἀνθρωπίνου.
636 3671 683 3736 of.
710 3678 743 3735 et
772 3674 844 3739 Tac.
864 3670 938 3736 dial.
964 3692 992 3736 c.
1020 3675 1069 3736 17.
1118 3673 1228 3756 Itaque
1264 3672 1348 3736 haud
1376 3674 1533 3733 absonum

354 3774 530 3849 videbitur,
562 3793 658 3857 quum
687 3774 752 3839 vita
772 3773 938 3839 hominnm
966 3782 1090 3839 centnm
1118 3794 1217 3839 annos
1239 3776 1346 3852 duret,
1377 3772 1533 3837 civitatem

357 3882 474 3943 bonam
511 3885 637 3941 centum
669 3883 786 3942 aetates
816 3880 979 3942 hominum
1018 3882 1142 3943 durare.
1196 3881 1252 3941 Est
1282 3879 1361 3941 haec
1394 3873 1532 3940 definitio

358 3978 560 4063 arbitraria.*)
604 3981 676 4043 Non
700 4000 863 4064 negamus.
907 3982 947 4045 lt
976 3999 1055 4045 vero
1081 3980 1126 4045 ite
1153 3978 1369 4062 intelliguntur
1396 3976 1534 4043 Platonis

427 4196 448 4252 'l
466 4200 502 4252 Ut
518 4200 570 4251 alla
588 4200 680 4251 multa.
716 4200 783 4251 Nam
806 4212 854 4251 cur
880 4204 1029 4251 culmorum
1053 4201 1235 4261 mlgrattoasm
1260 4210 1308 4259 per
1335 4195 1392 4246 lota
1411 4194 1532 4247 molestia

359 4294 405 4338 aut
423 4287 525 4339 tutem·
544 4287 665 4341 dacter
684 4296 851 4341 cantenor
869 4302 952 4341 annos
972 4290 1067 4341 durare
1087 4288 1190 4339 rumttt
1209 4286 1248 4349 ot.
1269 4299 1295 4349 p.
1314 4284 1382 4341 ota,
1402 4283 1434 4336 lt.
