3334 5142
373 581 489 672 bimus.
513 615 555 630 -
576 584 668 660 Quod
697 589 801 648 autem
828 581 1097 667 llorgensternim
1124 587 1228 665 putat,
1259 599 1325 648 non
1348 600 1559 666 magnopere

373 689 546 752 verendum
570 685 675 751 fuisse.
689 688 827 762 Socrati,
864 709 905 750 ne
927 687 987 749 sibi
1009 707 1027 750 e
1049 684 1193 769 pridiana
1213 688 1394 750 narratione
1414 687 1557 749 nonnisi

374 813 412 856 ea
433 792 622 866 recensenti,
646 811 726 875 quae
750 792 908 874 optimam
923 790 1010 854 illam
1029 791 1258 872 rempublicam
1280 796 1480 874 spectarent,
1506 791 1556 852 ab

373 897 478 979 aliquo
502 914 611 959 eorum
633 896 695 979 qui
709 896 841 958 aderant
854 895 1057 969 obiiceretur,
1082 895 1160 969 alia,
1185 914 1284 979 eaque
1308 895 1413 976 potius
1434 894 1553 968 etiam,

373 1021 468 1084 quam
490 1001 549 1062 ista
571 1001 610 1062 de
632 999 815 1081 republica,
840 998 910 1062 heri
932 996 1088 1079 disputata
1108 1019 1199 1072 esse,
1221 998 1254 1060 id
1275 1017 1468 1081 magnopere
1490 1017 1557 1060 ve-

372 1105 506 1168 rendum
527 1101 625 1166 luisse
647 1103 847 1169 arbitramur.
900 1104 979 1164 Nam
1009 1100 1131 1165 etiamsi
1153 1102 1281 1183 politica
1302 1119 1383 1185 quae
1405 1122 1555 1165 comme·

372 1214 491 1282 morat,
526 1213 561 1269 ut
579 1199 681 1288 ⁴plane
709 1206 849 1269 inaudita
870 1211 902 1269 et
923 1199 1095 1287 παράδοξα
1117 1206 1294 1271 auditorum
1314 1206 1426 1268 animis
1448 1225 1552 1288 quam

372 1313 523 1376 altissime
545 1311 648 1374 adbuc
668 1310 834 1372 inhaerere
857 1310 1023 1392 probabile
1045 1329 1116 1372 esse
1136 1310 1354 1384 concedimus,
1376 1309 1478 1372 multo
1498 1315 1552 1371 ta-

371 1437 445 1480 men
466 1408 716 1503 ααραὸοξότερα
734 1411 862 1477 fuerunt
882 1415 922 1476 de
942 1413 1141 1495 pbilosophis
1161 1413 1393 1496 magistratibus
1413 1413 1548 1495 placita.

373 1513 420 1584 cf.
445 1520 570 1601 Reipbl.
595 1518 652 1580 lib.
676 1517 714 1581 V.
739 1537 770 1598 p.
795 1519 870 1591 473,
895 1517 940 1578 St.
984 1518 1024 1579 lit
1044 1517 1126 1599 quis,
1148 1517 1211 1579 nisi
1232 1517 1378 1601 indignus
1400 1517 1454 1599 qui
1468 1516 1550 1578 talia

372 1625 506 1698 audiret,
531 1621 674 1686 oblivisci
693 1620 847 1704 potuisset
863 1641 913 1695 ea,
937 1638 1018 1704 quae
1033 1623 1073 1685 de
1087 1621 1160 1685 idea
1173 1621 1250 1684 boni
1264 1621 1421 1703 disputata
1433 1623 1548 1683 erantt

370 1730 459 1793 Idem
482 1729 521 1792 dc
545 1726 730 1790 aliis-etiam
750 1726 846 1788 rebus
868 1727 1077 1788 stamendum.

457 1833 619 1896 Postremo
641 1847 792 1914 quaeraS,
814 1849 872 1892 our
893 1831 1083 1912 coniungere
1104 1827 1191 1892 Plato
1206 1828 1343 1893 voluerit
1356 1829 1416 1892 bos
1430 1827 1544 1903 libros,

371 1938 545 2010 Timaeum,
569 1933 818 2016 llempublicam,
844 1932 985 2007 Critiam,
1009 1933 1035 1995 si
1056 1953 1120 1996 non
1141 1953 1230 2008 vere,
1253 1935 1309 1996 sed
1330 1938 1451 1996 tantum
1461 1951 1546 2015 qua-

373 2044 444 2107 dam
477 2059 517 2104 ex
544 2044 634 2121 parte
662 2042 849 2120 argumento
876 2057 910 2100 se
938 2037 1074 2100 invicem
1102 2038 1306 2101 adiuvarent?
1341 2037 1405 2099 Cur
1424 2037 1458 2098 in
1480 2037 1544 2099 alio

372 2129 489 2228 opere,
513 2145 552 2206 de
574 2148 759 2226 argumento
781 2142 936 2215 librorum
957 2143 997 2204 de
1019 2142 1304 2223 Republicaquasi
1325 2140 1474 2203 historice
1497 2141 1544 2203 lo-
1638 2163 1640 2210 ι

372 2270 472 2334 quens
493 2248 641 2311 mentitus
664 2248 704 2309 sit
725 2247 832 2318 Plato,
867 2251 900 2307 et
927 2242 1038 2307 falsam
1062 2245 1169 2308 itudo
1191 2245 1298 2328 operis
1319 2242 1382 2308 lino
1404 2244 1544 2329 speciem

371 2353 568 2427 excitaverit,
593 2351 678 2436 quod
699 2350 971 2432 Morgeusternius
990 2355 1022 2412 et
1044 2349 1098 2432 qsri
1113 2369 1186 2414 eum
1200 2356 1374 2432 sequuntur
1389 2354 1543 2432 coguntur

371 2459 529 2522 statuere?
574 2459 575 2466 ’
901 2472 915 2529 j
1225 2470 1228 2475 ⁴

456 2561 545 2636 Quae
574 2558 601 2622 si
629 2577 705 2622 vera
730 2563 821 2632 sunt,
853 2562 936 2620 stare
957 2575 1022 2620 non
1043 2555 1147 2641 potest
1168 2554 1451 2620 Scbleiermaclreri
1472 2575 1542 2619 sen·

370 2665 507 2754 tentia„
522 2683 584 2747 qua
605 2682 679 2737 eos,
704 2661 890 2746 quibuscum
914 2662 1058 2724 Socrates
1078 2661 1198 2726 Timaei
1219 2656 1310 2724 initio
1332 2658 1538 2743 colloquatur,
1632 2640 1638 2653 ¹

371 2768 566 2833 decivitate
594 2772 715 2831 tantum
736 2750 878 2828 -habitoe
904 2784 1067 2830 sermones
1095 2765 1205 2829 audire
1233 2764 1370 2827 voluisse
1398 2761 1536 2846 sumit‘*).

371 2873 465 2938 Cuius
495 2871 668 2936 sententiae
698 2871 787 2953 quasi
815 2888 923 2933 ansam
946 2871 1070 2934 dedisse
1092 2867 1242 2935 videntur
1259 2868 1399 2932 Platonis
1418 2867 1536 2932 verba:

370 2971 422 3042 διὸ
444 2980 499 3042 καὶ
517 2977 607 3063 χθές
627 2969 688 3059 ἐγὼ
709 2968 942 3058 διανοούμενος
956 2967 1047 3059 ὑμῶν
1060 2973 1220 3058 δεομένων
1233 2966 1275 3036 τὰ
1289 2971 1435 3058 περὶτῆς
1448 2973 1538 3036 πολι-

368 3079 457 3156 τείας
469 3081 616 3144 διελθεῖν
628 3071 815 3161 ιιροθύμως
829 3070 1032 3165 ἐχαριζόμην.
1058 3078 1121 3141 Sed
1142 3077 1229 3160 quid,
1253 3087 1395 3160 quaeso,
1408 3077 1457 3138 bis
1470 3096 1538 3139 ver·

371 3185 420 3248 bis
442 3181 536 3257 inest,
560 3201 601 3246 ex
623 3200 685 3265 quo
709 3180 993 3263 colligerepossis,
1017 3200 1073 3245 eos
1096 3181 1209 3264 quibus
1229 3181 1404 3244 narraverit
1420 3182 1537 3244 bester-

368 3309 446 3352 num
476 3304 654 3350 sermonem
682 3285 848 3359 Socrates,
882 3284 1005 3347 omissis
1026 3285 1180 3368 reliquis,
1198 3285 1251 3348 de
1274 3284 1397 3347 civitate
1418 3290 1535 3348 tantum

370 3391 452 3455 dicta
474 3390 582 3453 audire
611 3387 771 3451 voluisse?
792 3377 897 3464 'Quid
922 3392 990 3451 tum
1019 3383 1160 3453 bethoc
1186 3387 1325 3452 Platonis
1346 3388 1436 3462 loco,
1461 3371 1533 3476 3Ap'
1636 3466 1639 3471 ἢ

370 3479 428 3562 οὖν
448 3488 488 3574 δὴ
510 3485 754 3576 διεληλύθαμεν
774 3485 845 3572 ἤδη,
872 3484 1061 3579 καθάπερ
1082 3493 1164 3578 poi
1171 3516 1205 3570 ς,
1227 3484 1269 3568 ὡς
1293 3491 1327 3556 ἐν
1347 3489 1535 3579 κεφαλαίοις

369 3592 468 3664 πάλιν
505 3596 718 3676 inovandum
754 3589 775 3674 ἢ
804 3593 1020 3679 ποθοῦμεν
1051 3590 1113 3660 ἔτι
1149 3617 1185 3658 τι
1221 3593 1299 3659 τῶν
1327 3592 1535 3682 ῥηθέντων

368 3694 714 3785 ἆαολοιπὸμεοονς
742 3701 802 3764 Τι.Ι
826 3691 1028 3785 οὐδαμῶς,
1049 3692 1139 3764 ’ἀλλ’
1156 3691 1265 3762 αὐτοὶ
1289 3690 1395 3762 ταῦτ’
1421 3681 1469 3775 ἦν
1490 3692 1534 3761 τὰ

368 3807 591 3892 sexcenta,
617 3787 643 3868 ὦ
666 3795 897 3892 Σώκρατες.
942 3803 1040 3867 Porro
1063 3803 1103 3867 aa
1124 3802 1531 3868 noceommihianimum

437 4079 459 4148 ⁶)
479 4081 517 4134 Gt.
537 4082 634 4133 tatrod.
654 4083 682 4134 ln
699 4079 779 4143 llpbl.
802 4093 827 4144 p.
848 4079 891 4130 68.
929 4079 1010 4131 illese
1029 4089 1083 4128 nun
1101 4077 1203 4139 hatten,
1222 4078 1271 4130 ιιΙο
1290 4089 1337 4127 aue
1351 4077 1403 4128 den
1416 4078 1528 4142 dortlgen

367 4171 572 4242 Aeuiserungen
597 4169 771 4234 hervorgobt,
806 4183 870 4236 ganz
895 4168 1034 4233 etgenttlch
1061 4167 1186 4218 Sotiates
1203 4167 1296 4218 Redeo
1315 4179 1374 4218 vom
1394 4167 1482 4219 strate
1500 4181 1528 4218 zu

367 4265 451 4316 boren
471 4263 594 4326 begebrt3
616 4261 669 4313 uod
688 4273 763 4313 wenc
782 4273 811 4310 er
828 4259 912 4324 glelch
932 4257 1040 4310 desbelb
1059 4258 1102 4308 dte
1122 4268 1202 4320 ganne
1214 4255 1403 4321 Verbendlung
1415 4258 1529 4309 eratblen

369 4367 450 4416 muss,
470 4366 499 4406 so
520 4351 590 4418 bllcb
612 4350 655 4402 lur
672 4352 710 4402 sle
729 4350 796 4400 doeh
816 4350 864 4401 der
882 4350 956 4400 Stant
973 4348 1017 4398 dle
1035 4347 1217 4409 Hauptmcbe.
