3334 5142
755 431 757 434 ·
837 424 971 529 -ra
1004 458 1046 476 -

360 599 445 667 e'nim
475 594 666 664 discriminis
685 592 826 661 ‘interest
850 598 933 661 iuter
961 577 1119 663 civitatem
1146 616 1165 663 a
1188 595 1272 665 ⁴vitiis
1288 594 1472 686 purgatam,
1501 606 1534 667 et

358 704 444 772 vitiis
465 720 594 768 vacuum
605 719 643 763 ·s.
653 696 804 767 ‘bonomi
834 701 986 785 Ceterum,
997 700 1157 767 simulatio
1175 703 1313 769 Socratis
1327 704 1360 770 iu
1374 704 1423 771 bis
1439 704 1532 771 facile

357 805 554 890 intelligitur.
597 805 677 868 Nom
707 801 778 885 quis
804 800 951 868 fefellisse
978 806 1081 890 ipsum
1103 808 1240 891 putabit,
1274 806 1359 895 quod
1380 817 1530 895 purgarat

358 912 525 982 civitatem,
547 926 643 994 qnam
663 907 749 973 audo
763 908 797 969 in
809 905 968 971 luxuriam
982 908 1161 994 prolapsam
1175 908 1312 976 dixerit?
1341 912 1438 989 Quasi
1451 931 1531 979 reru

359 1036 425 1082 nou
445 1010 549 1078 statim
569 1008 611 1075 ab
630 1008 737 1083 initio,
766 1012 829 1075 huo
853 1018 900 1075 est
920 1030 991 1098 ap.
1013 1012 1086 1078 371».
1107 1012 1161 1077 lih.
1184 1016 1222 1080 ll.
1245 1035 1309 1101 quo
1331 1014 1449 1082 loco
1423 1036 1532 1100 singu·

357 1120 458 1187 larem
484 1113 618 1238 militum
642 1110 787 1230 ordinem
816 1112 926 1181 adesse
951 1112 1071 1247 debere
1094 1115 1207 1194 ·,docet
1239 1118 1393 1185 civitatem
1414 1138 1536 1231 purga-1

356 1222 472 1291 verit!

444 1328 524 1390 Tum
546 1322 587 1390 de
605 1324 744 1411 rhythmi
766 1343 883 1408 genere
904 1322 1055 1411 loquitur,
1078 1328 1111 1390 ln
1129 1326 1182 1391 his
1203 1338 1331 1413 quoque
1346 1322 1454 1393 omnia
1468 1316 1533 1394 vir-

364 1433 424 1497 tuti
445 1425 694 1495 accommodans.
727 1424 783 1493 Cl
804 1446 837 1513 p.
856 1429 931 1502 399,
952 1430 1046 1493 E.-
1061 1429 1134 1495 hot.
1180 1432 1262 1495 Num
1284 1444 1361 1496 vero
1380 1428 1537 1498 credibile

358 1534 462 1603 rideri
481 1540 602 1624 potest,
624 1550 697 1596 eum
716 1534 838 1607 rtrum,
863 1530 920 1617 qui
936 1534 1121 1617 rhythmum
1143 1541 1175 1598 et
1194 1531 1391 1599 harmoniam
1413 1534 1535 1601 oratio-

358 1660 432 1706 nem
460 1635 550 1723 sequi
579 1635 694 1716 dehere
721 1634 796 1701 dicit
823 1652 928 1721 nequa
949 1642 1074 1713 contra,
1093 1634 1232 1703 dicendi
1252 1656 1352 1723 genus
1374 1637 1535 1725 ipsamet

359 1742 536 1811 orationem
557 1743 686 1805 bonam
695 1738 791 1804 animi
804 1738 943 1805 indolem
964 1774 1006 1789 -
1022 1760 1141 1805 eumne
1155 1740 1250 1825 igitur
1262 1734 1415 1819 credibile
1428 1735 1535 1808 rideri

363 1840 469 1935 potest
488 1843 638 1929 indagaro
658 1842 796 1908 voluisse
813 1834 967 1907 uirtutem
990 1866 1016 1908 s.
1039 1842 1200 1919 iustitiam,
1222 1844 1255 1909 h.
1279 1864 1307 1909 e.
1330 1842 1446 1910 bonam
1464 1844 1534 1909 ani·

361 1951 407 2018 mi
427 1948 577 2023 indolem,
600 1966 680 2021 non,
701 1944 758 2011 ubi
778 1966 849 2011 eam
869 1946 981 2032 quaeri
1001 1967 1129 2013 necesse
1150 1955 1210 2024 est,
1232 1947 1266 2015 iu
1286 1948 1401 2022 animo,
1424 1946 1480 2014 sed
1502 1948 1536 2013 in

362 2054 507 2130 civitate,
542 2049 598 2117 ubi
626 2049 795 2134 imaginem
823 2049 949 2135 quidem
978 2049 1050 2117 inde
1079 2050 1248 2119 derivatam
1276 2051 1411 2136 reperiri
1439 2072 1536 2137 posse

362 2155 606 2230 concedimus‚'
595 2174 696 2241 ipsam
717 2173 794 2221 raro
816 2160 998 2239 nunquam?
1030 2155 1095 2221 Nec
1114 2154 1207 2221 aliter
1227 2156 1353 2221 sensit
1344 2176 1423 2243 rpse
1433 2158 1534 2230 Plato,

360 2263 417 2357 qui
439 2260 516 2327 baec
537 2260 642 2325 omnia
667 2264 837 2344 praecepta
857 2278 898 2324 cx
919 2257 1036 2325 iustitia
1055 2266 1203 2345 tanquam
1225 2259 1312 2326 fonte
1333 2259 1534 2327 deliraverit.

358 2358 448 2456 Ap
456 2351 515 2431 οὖν
536 2358 574 2429 οὗ
597 2362 767 2449 πανταχοῦ
785 2362 892 2427 ταῦτα
914 2363 1052 2429 διωκτέα
1072 2366 1141 2440 τοῖς
1165 2366 1270 2444 νέοις,
1284 2388 1319 2431 er
1313 2359 1537 2457 ’μέλλονοι

363 2460 803 2584 τόαὺτῶνπρόττιιν,·
828 2467 973 2532 Aenaria
995 2473 1054 2555 μὲν
1077 2452 1149 2534 οὖν.
1172 2468 1218 2533 Cf.
1230 2488 1272 2554 p
1293 2470 1367 2534 too.
1389 2468 1423 2532 Ε.
1458 2470 1542 2533 Nam·

365 2572 404 2672 τό
429 2568 536 2639 αὐτῶν
558 2566 712 2659 πράττειν
737 2578 769 2634 et
789 2568 903 2633 iustum
925 2592 985 2635 cese
1007 2567 1091 2659 apud
1117 2570 1314 2637 Platonem
1303 2592 1336 2637 ru
1364 2571 1537 2658 Republica

364 2668 430 2746 nou
451 2673 632 2751 differre,
621 2672 866 2759 ram‘aliquoties
884 2670 1145 2757 significavimus:
1159 2684 1201 2723 -’-
1221 2675 1378 2759 ilelnceps
1399 2674 1538 2759 postulat

365 2784 510 2850 Socrates
531 2788 567 2845 nt
587 2797 652 2843 uon
671 2784 788 2867 potitae*
805 2776 917 2851 solum,
939 2776 995 2842 sed
1009 2776 1127 2862 reliqui
1140 2798 1251 2843 omnes
1265 2777 1400 2857 artifices
1413 2778 1446 2844 in
1461 2796 1538 2865 cpe-

362 2886 450 2953 ribns
479 2884 543 2951 suis
576 2880 701 2948 honesti
723 2880 861 2967 speciem
889 2876 948 2961 τὴν
975 2872 1038 2961 τοῦΙ
1061 2876 1201 2966 ἀγαθοῦ
1223 2877 1333 2948 εἰκόνα
1354 2878 1467 2964 ἤθους
1487 2902 1538 2948 se-

361 2997 485 3056 ctentur
509 2996 606 3074 atque
628 2984 827 3069 exprimant,
859 2982 1008 3069 quoniam
1036 2999 1183 3069 maguum
1210 2988 1363 3054 iuiehtntl
1386 2982 1534 3056 damnum

363 3092 485 3159 allaturi
506 3091 577 3166 sint,
598 3088 628 3155 si
647 3093 681 3154 id
702 3107 766 3153 non
786 3086 924 3161 valeant,
945 3094 1053 3153 contra
1073 3108 1217 3173 magnam
1235 3091 1411 3165 utilitatem,
1434 3091 1462 3157 si
1485 3112 1538 3156 va·

359 3200 445 3263 leant
467 3188 599 3283 ἰχνεύειν
617 3190 677 3274 τὴν
698 3192 758 3257 τοῦ
765 3211 768 3216 ’
780 3193 884 3259 καλοῦ
905 3195 960 3257 καὶ
980 3186 1177 3285 εὐσχήμονος
1196 3188 1307 3284 φύσιν.
1348 3195 1396 3258 Cl.
1413 3200 1444 3280 p'.
1461 3196 1534 3270 t0r,

363 3290 523 3369 A.-21>.
567 3301 648 3363 Τιιιιι
676 3299 756 3361 bunc
782 3294 915 3361 eandem
943 3315 1068 3361 causam
1090 3316 1160 3361 esse
1183 3305 1312 3374 munet,
1337 3316 1395 3363 cur
1415 3298 1537 3364 musica

362 3402 533 3493 praecipue
555 3409 622 3468 arte
644 3398 772 3466 erudire
793 3401 931 3465 voluerit
953 3400 1081 3487 pueros.
1118 3401 1272 3489 Numqui
1294 3405 1352 3466 hac
1370 3400 1538 3468 arterecte

363 3506 475 3573 imbuti
498 3508 568 3581 sint,
591 3525 647 3571 eos
668 3505 814 3591 amplecti
836 3508 945 3591 pulcra
966 3502 1099 3591 fierique
1121 3501 1235 3581 bonos,
1259 3505 1398 3571 aversari
1419 3500 1535 3592 turpia,

366 3620 459 3696 atque
482 3614 525 3675 ita
545 3610 607 3675 iam
629 3630 647 3675 a
668 3613 770 3696 prima
790 3607 954 3675 iuventute
976 3606 1015 3675 ad
1029 3607 1270 3675 familiaritatem
1285 3617 1389 3676 rectae
1402 3610 1536 3677 rationis

350 3714 486 3781 adduci.
631 3698 637 3705 ⁴

367 3811 369 3814 ’
447 3816 569 3882 Ibidem
591 3837 684 3882 omne
705 3818 843 3883 musicae
865 3816 1003 3883 studium
1026 3838 1065 3883 eo
1086 3814 1245 3902 pertinere
1267 3820 1375 3892 docet,
1403 3816 1536 3901 utquid

364 3942 442 3989 rere
466 3918 586 3986 bonum
615 3929 647 3985 et
674 3913 845 3985 honestum
862 3921 902 3987 sit
923 3930 1147 4005 cognoscatur,
1160 3930 1162 3937 ’
1176 3920 1209 3985 in
1231 3940 1270 3986 eo
1294 3921 1377 3985 enim
1399 3904 1537 4005 positum

363 4048 434 4091 esse
457 4025 558 4091 omnis
579 4025 716 4090 musicae
736 4022 841 4089 finem.
876 4012 950 4114 ‘Ap’
974 4012 1042 4105 οὖν,
1065 4018 1084 4090 ό
1098 4028 1189 4109 λέγω,
1211 4021 1409 4111 πρὸςθεῶν,
1433 4014 1537 4101 οὕτως

365 4126 441 4200 οὐδὲ
467 4134 619 4214 μουσικοὶ
646 4122 807 4251 πρότερον
828 4122 996 4213 ἐσόμεθα,
1032 4123 1105 4194 οὔτε
1128 4123 1223 4195 αὐτοὶ
1248 4124 1322 4196 οὔτε
1344 4118 1401 4205 οός
1427 4151 1538 4219 φαμεν

361 4260 375 4300 ι
372 4256 439 4321 μιν
452 4221 696 4321 παιδευτέον
665 4256 757 4312 ειναι,
779 4228 857 4309 τοὺς
879 4226 1041 4330 applicatae,
1058 4236 1140 4320 πρὶν
1159 4226 1200 4299 dv
1220 4228 1263 4300 τὰ
1281 4256 1339 4313 της
1361 4225 1535 4324 σωφροσύ-

361 4361 420 4420 νης
447 4314 516 4421 εἴδη
547 4341 601 4404 καὶ
632 4330 783 4426 ἀνδρείας
810 4340 866 4403 καὶ
891 4319 1173 4423 ἐλευθεριότητος
1182 4339 1236 4403 καὶ
1257 4330 1536 4425 μεγαλοπρεπείας
