3334 5142
162 910 233 975 Ista
247 914 331 976 uero
353 908 414 976 alia
435 928 509 993 pars
531 907 684 975 orationis
702 897 837 992 excipit:
861 899 981 973 Rodien
1005 890 1169 972 οὗνποδέ
1192 898 1256 987 ἤδη

57 1014 267 1099 σκοπῶμεν,
295 1013 368 1079 τίνα
397 1008 521 1101 τρόπον
549 1015 582 1078 οἱ
603 1010 749 1077 τοιοῦτοι
771 1005 1013 1096 ἐγγενήσονται,
1043 1012 1098 1075 καὶ
1119 1005 1187 1086 πῶς
1207 1020 1258 1087 τις

60 1112 193 1197 ἀνάξει
220 1112 340 1195 αὐτοὺς
362 1112 517 1208 εἰς’φῶς,
541 1106 646 1235 ὥσπερ
669 1112 702 1195 ἐξ
723 1104 849 1180 ’Ἅιδου
874 1117 1023 1197 λέγονται
1045 1106 1085 1193 δή
1109 1134 1192 1190 τινες
1212 1106 1259 1191 εἰς

59 1216 189 1298 θεοὺς
213 1214 384 1302 δινελθεῑν,Ι
413 1220 492 1297 Πῶς
513 1214 577 1306 γὰρ
599 1213 637 1285 οὐ
658 1211 890 1304 βουλομαι;”
871 1240 945 1307 εφη
993 1213 1100 1284 Τοῦτο
1130 1208 1238 1297 δὴ,
1216 1240 1259 1294 ας

62 1322 205 1405 ἔοικεν,
241 1348 300 1390 ουκ
328 1318 492 1415 ὀστράκου
522 1316 562 1389 ἂν
589 1322 636 1403 εἴη
658 1317 880 1412 περιστροφὴ,
907 1314 993 1386 ἄλλα
1013 1319 1123 1441 φυχῆς
1144 1343 1259 1440 περια-

61 1422 170 1511 γωγὴ
197 1427 232 1491 έκ
253 1429 437 1517 νυκτερινῆς
460 1422 548 1503 τινὸς
568 1420 693 1514 ἡμέρας
714 1419 759 1502 εἰς
781 1418 950 1505 ἀληθινὴν
971 1424 1030 1490 τοῦ
1045 1419 1140 1501 ὄντος
1155 1408 1259 1490 οὖσαν

66 1523 306 1609 ε’πάνοδον,“
286 1553 326 1609 ην
347 1526 386 1609 δὴ
408 1528 613 1623 φιλοσοφίαν
634 1523 752 1611 ἆλιγθιγ
741 1522 923 1617 γφὴσομεν
944 1515 1037 1594 εἶναι.
1079 1520 1179 1593 Πάνυ
1199 1532 1272 1612 μέν’

67 1630 146 1700 οὐν.
180 1627 329 1699 Ονκσῦν
350 1632 403 1698 δεῖ
420 1636 622 1701 σκοπεῖσθαι
645 1632 675 1699 τί
696 1633 760 1697 τῶν
779 1624 1035 1757 μαθημάτων”
1016 1652 1078 1717 εχει
1100 1624 1259 1710 τοιαύτην

69 1732 245 1822 δύναμινς
281 1736 360 1815 Πῶς
380 1730 445 1824 γὰρ
468 1731 523 1817 οὕς
560 1730 643 1802 Τι’
621 1758 663 1802 αν
685 1720 743 1800 οὖν
765 1759 812 1815 ειη
821 1785 829 1814 ,
860 1760 885 1799 ιν
868 1720 1079 1811 Ἰλαυκισν,
1109 1728 1259 1819 μάθημα

69 1840 197 1933 ψυχῆς
220 1834 320 1905 ὁλκὸν
339 1834 407 1905 απὸ
429 1838 489 1905 τοῦ
509 1841 701 1925 γιγνομένου
724 1838 774 1903 ἐπὶ
797 1833 834 1902 τὸ
858 1833 905 1904 ὅν.
950 1838 996 1903 cf.
1011 1858 1042 1924 p.
1058 1838 1128 1912 5213
1152 1836 1190 1903 (λ’
1211 1838 1256 1904 st.

70 1946 146 2009 Nisi
173 1940 413 2026 in'chubiica,
438 1944 546 2008 sedin
568 1940 752 2028 explicanda
772 1940 890 2006 institia
911 1940 964 2021 hic
986 1960 1092 2007 sermo
1113 1959 1258 2007 versarc-

72 2054 151 2123 tur,
177 2045 257 2111 hacc
279 2044 464 2129 exponenda
483 2053 674 2123 non-cran13
707 2046 734 2110 si
755 2060 833 2110 vero
854 2046 889 2107 in
910 2044 1119 2109 describenda
1141 2046 1261 2129 optima

73 2147 258 2233 Republica
280 2170 386 2215 sermo
407 2158 560 2223 versatur,
582 2157 648 2214 tum
669 2152 747 2214 haec
769 2151 865 2213 ctiam
886 2135 1054 2231 diligenter
1073 2148 1259 2213 excutienda

76 2252 183 2318 inisse
211 2260 304 2337 patet.
348 2256 426 2319 Tum
455 2255 537 2317 onim
566 2251 761 2329 docendum,
791 2271 854 2337 quo
882 2245 977 2317 modo
1000 2250 1074 2316 'ficri
1104 2248 1203 2337 possit
1224 2257 1259 2316 ut

77 2353 231 2421 oriantur
256 2355 333 2420 tales
361 2363 499 2421 rectores
528 2358 681 2432 civitatis,
712 2357 766 2440 qui
788 2370 941 2421 summam
962 2354 1166 2439 perfectionis
1188 2374 1260 2442 spc-

78 2463 168 2525 cicm
190 2461 225 2523 h.
249 2479 278 2526 o.
302 2460 406 2522 ideam
427 2455 503 2523 honi
525 2464 556 2523 et
577 2458 637 2542 ipsi
660 2465 865 2543 cognoscant,
895 2465 927 2523 et
955 2462 994 2523 ad
1023 2458 1092 2524 eius
1114 2458 1260 2526 similitu·

80 2563 198 2629 dinem
226 2569 322 2628 totam
348 2560 506 2627 'ciuitatem
535 2560 714 2646 fingaut'et
739 2570 859 2645 regant.
901 2563 946 2625 Ac
973 2564 1112 2647 primum
1133 2562 1261 2648 quidem

83 2664 300 2756 gymnasticae
326 2672 358 2729 et
390 2666 525 2730 musicae
552 2666 645 2740 artis,
680 2668 719 2730 dc
742 2662 863 2748 ¹quibus
891 2672 984 2728 antea
1013 2664 1160 2731 collocuti
1186 2666 1259 2741 sint,

84 2791 221 2856 prorum
251 2768 305 2833 ilia
335 2770 374 2833 ad
403 2790 534 2852 corpus,
565 2772 643 2833 haec
664 2769 704 2833 ad
726 2770 866 2833 animum
887 2765 1055 2854 praecipue
1077 2767 1260 2852 pertineret

85 2874 249 2937 mentione
282 2874 395 2937 iniecta
425 2871 642 2959 copulatisque
673 2873 717 2937 ita
747 2870 786 2936 iis
819 2872 926 2957 operis
951 2872 1093 2957 partibus
1120 2892 1201 2955 quae
1228 2872 1262 2936 in

87 2979 255 3042 custodum
277 2979 461 3041 educatione
482 2984 666 3052 vorsantur,
696 2974 917 3039 arithmeticam
937 2976 970 3039 in
992 2975 1101 3040 earnm
1122 2970 1261 3061 discipli·-

89 3099 201 3145 narum
223 3100 390 3145 nnmerum
410 3078 533 3163 recipit,
557 3099 637 3167 quac
659 3077 699 3144 ad
720 3078 924 3144 excolendam
946 3081 1060 3145 mentis
1078 3080 1179 3145 aciem
1199 3077 1263 3145 uti·

89 3182 134 3249 ies
157 3190 271 3259 essent,
295 3189 328 3247 ct
348 3187 387 3248 ad
408 3181 551 3248 idearum
574 3182 749 3252 doctrinam
770 3191 998 3269 praepararent
1012 3191 1042 3249 ct
1058 3182 1262 3255 adducerent.
1299 3228 1308 3233 -

91 3282 137 3351 Ibi
158 3287 241 3353 iuter
261 3285 326 3351 alia
343 3289 424 3351 haec
444 3285 612 3370 leguntur:
638 3283 697 3353 οὐκ
720 3282 877 3368 ἀθλητὰς
891 3288 1004 3372 μέντοι
1017 3287 1196 3375 πολέμου,
1177 3313 1262 3380 εφα-
1271 3331 1274 3338 ·

92 3414 148 3512 μεν
176 3413 314 3467 τουτους
340 3385 520 3475 αναγκαῖον
550 3380 633 3456 εἶναι
661 3393 753 3467 νέους
775 3385 890 3470 ὄντας
913 3384 1067 3481 Ἔφαμεν
1087 3386 1162 3479 γάρ.
1208 3394 1266 3459 Δεῖ

94 3490 157 3578 ἄρα
179 3498 233 3579 καὶ
256 3494 352 3559 τοῦτο
375 3495 543 3581 προσέχειν
566 3489 603 3560 τὸ
624 3485 832 3580 μαθημα,ι
813 3517 830 3557 o
853 3492 1027 3577 ζητσνμεν,
1049 3488 1131 3579 πρὸς
1147 3492 1264 3585 έκεένῳζ

100 3594 143 3663 Τὸ
165 3600 275 3677 πσῖον;
297 3592 356 3677 Μὴ
378 3592 542 3687 ἄχρηστον
556 3600 742 3683 πολεμικοῖς
765 3590 925 3683 ἀνδράσιν
947 3586 1039 3663 εἶναι.
1072 3594 1263 3683 Λεῖμὲνςσι,

97 3696 171 3790 ἔφη,
193 3700 278 3789 ειπερ
302 3693 372 3766 οἷόν
389 3712 436 3766 τι.
466 3719 498 3785 p.
523 3704 601 3779 εει,
630 3682 680 3765 υ.’
716 3700 862 3764 studiose
883 3698 981 3783 igitur
1001 3698 1089 3765 Plato
1112 3719 1182 3764 cum
1203 3702 1264 3764 ooo

98 3804 181 3881 loco,
212 3811 278 3868 tum
306 3800 509 3886 sequentibus
539 3801 616 3868 hacc
642 3802 748 3869 omnia
770 3800 904 3867 civitatis
926 3823 1018 3867 causa
1040 3800 1193 3886 disputari
1215 3804 1263 3867 in·

100 3908 185 3971 dicat.
228 3911 275 3972 Nc
298 3905 384 3990 longi
406 3908 517 3982 simus,
541 3907 665 3973 omissis
686 3906 842 3993 pluribus,
868 3929 908 3970 ex
930 3904 988 3972 hac
1002 3904 1156 3971 sermonis
1171 3914 1264 3990 parte

101 4028 188 4075 unum
208 4018 327 4077 tantum
348 4011 454 4075 locum
475 4009 655 4076 afferamus.
701 4010 880 4099 Πρσσῆκον
909 4006 949 4090 δὴ
979 4006 1016 4075 τὸ
1045 4005 1193 4092 μαθημα
1222 4006 1263 4076 δν
1325 4060 1328 4067 .

103 4112 162 4193 εἴη,
188 4100 211 4179 ὦ
239 4108 412 4185 Γλαύκων,
440 4114 672 4199 νομοθετῆσαι
700 4118 756 4179 καὶ
777 4112 909 4179 πείθειν
931 4108 1007 4191 τούς
1027 4114 1209 4198 μέλλοντας
1230 4114 1263 4183 έυ

105 4218 137 4306 τῇ
157 4211 244 4283 πόλει
265 4216 328 4283 τῶν
348 4216 508 4304 μεγίστων
535 4217 686 4304 μεθέξειν
715 4218 765 4283 ἐπὶ
792 4212 982 4301 λογιστικὴν
1010 4211 1093 4282 ἰέναι
1121 4220 1177 4281 καὶ
1205 4211 1262 4281 ἆν-

104 4314 293 4386 θάπτεσθαι
316 4315 417 4405 αὐτῆς
436 4317 483 4411 μὴ
506 4316 685 4404 ἰδιωτικῶς,
709 4314 776 4391 ἀλλ’
802 4322 861 4397 ἕως
880 4314 922 4386 δν
943 4320 995 4387 ἐπὶ
1017 4320 1106 4386 θέαν
1126 4318 1185 4402 τῆς
1198 4318 1262 4387 τῶν
