3334 5142
600 1197 911 1339 'Reipublicae
939 1223 1061 1315 liber
1088 1182 1304 1339 decimus.

897 1454 1027 1469 ψ

657 1528 661 1535 -
784 1529 791 1541 0
1152 1520 1156 1529 ’
1279 1534 1282 1543 ν

732 1634 736 1641 ·
831 1608 1136 1675 smmis
1259 1618 1261 1625 '

618 1687 623 1696 .

456 1802 544 1869 Καὶ
553 1794 632 1888 μὴν,
662 1784 703 1884 ἦν
724 1796 755 1868 d'
779 1798 858 1888 ἐγὼ,
879 1740 1252 1888 noctemnoctem
1273 1805 1363 1895 περὶ
1369 1798 1473 1887 αὐτῆς
1497 1804 1548 1873 ἕν

373 1904 452 1983 νοῶ,
485 1900 528 1985 ὡς
552 1901 681 1985 παντὸς
710 1901 777 1995 ἄρα
801 1903 928 1994 μᾶλλον
950 1900 1066 1993 ὀρθῶς
1088 1900 1297 1997 ᾠκίζομεν
1261 1927 1322 1989 νην
1341 1902 1453 1989 πόλιν,
1487 1905 1549 1998 οὐχ

372 1998 556 2090 ηἀισταὸὲ
585 1999 805 2096 ἐνθυμηθεὶς
819 2012 892 2100 περὶ
919 2004 1079 2090 ποιήσεως·
1106 2012 1197 2095 λέγω.
1246 2003 1309 2077 Tc
1322 2016 1434 2095 αοῑον,·
1471 2011 1547 2104 ἔφη.

377 2108 424 2181 Τὸ
452 2113 588 2208 μηδαμῆ
618 2116 873 2201 παραδέχεσθαι
900 2107 1005 2193 αὐτῆς
1032 2102 1094 2195 ὅση
1122 2108 1292 2206 propinatori.
1327 2112 1453 2194 παντὸς
1479 2114 1547 2207 γὰρ

371 2215 499 2301 μᾶλλον
527 2212 569 2282 οὐ
596 2220 804 2308 παραδεκτέα
831 2216 889 2283 νῦν
917 2220 972 2282 καὶ
1000 2217 1246 2307 ἐναργέστερον,
1279 2212 1322 2297 ὡς
1350 2220 1421 2307 ἐμοὶ
1443 2221 1547 2301 δοκεῖ,

365 2318 543 2410 φαίνεται,
550 2318 675 2403 ἐπειδὴ
693 2326 793 2410 χωρὶς
814 2322 945 2387 ἕκαστα.
961 2313 1114 2413 διῄρηται
1134 2315 1177 2386 τὰ
1198 2320 1257 2404 τῆς
1278 2322 1390 2413 ψυχῆς
1411 2325 1493 2406 εἴδη.
1517 2348 1547 2393 κ.

372 2446 409 2490 n·
422 2424 447 2490 ἑ.
490 2422 550 2491 llic
570 2426 603 2490 in
623 2422 687 2491 fine
708 2423 815 2511 operis
836 2428 900 2490 iam
921 2422 1027 2490 omnia
1049 2444 1137 2511 quae
1153 2427 1192 2489 de
1216 2422 1400 2509 Republica,
1423 2434 1457 2493 ut
1474 2429 1548 2515 'ipse

318 2555 321 2564 ¹
371 2527 425 2608 ait,
447 2528 642 2602 dictaer'ant
662 2528 841 2595 considerat
861 2517 1015 2607 Socrates,
1037 2526 1199 2612 paulisper
1220 2526 1322 2595 adhuc
1343 2531 1377 2596 in
1396 2528 1437 2597 iis
1458 2552 1548 2599 com·

371 2641 561 2708 moraturus,
584 2652 665 2718 quae
687 2631 913 2699 accuratiorem
936 2630 1176 2716 explicationem
1190 2634 1241 2697 vel
1256 2630 1473 2701 defensionem
1489 2640 1547 2702 ad·

370 2736 794 2803 mittereviderentur.1n
814 2738 864 2801 his
885 2755 963 2801 vero
984 2736 1153 2821 praecipue
1176 2734 1374 2815 occurrebat,
1398 2738 1483 2825 quod
1504 2738 1545 2807 de

369 2841 473 2925 poetis
500 2842 618 2906 dictum
645 2848 714 2905 orat
740 2851 797 2909 eos
823 2843 857 2905 in
878 2839 1036 2907 civitatem
1058 2837 1260 2923 recipiendos
1281 2860 1345 2907 non
1365 2862 1446 2908 esse.
1493 2842 1542 2909 cf.

369 2943 426 3014 lib.
449 2945 504 3011 111.
528 2965 559 3031 p.
581 2948 654 3015 398.
675 2965 745 3031 sqq.
791 2943 901 3010 Oritur
925 2942 1024 3027 igitur
1052 2940 1091 3007 de
1121 2945 1179 3009 hee
1199 2961 1236 3010 re
1256 2964 1340 3010 nova
1360 2946 1543 3029 disputatio,

349 3052 459 3115 'cuius
479 3051 544 3115 hae
561 3055 669 3131 partes
690 3053 777 3114 sunt«
817 3047 958 3115 Primum
980 3043 1113 3112 docetur
1134 3066 1204 3111 esse
1226 3046 1407 3115 triurernm
1422 3068 1543 3137 genem

372 3154 401 3239 1)
423 3154 528 3233 iders3
555 3150 587 3238 2)
604 3173 662 3217 res
682 3149 781 3217 cenis
802 3157 835 3215 et
855 3146 999 3217 sensibus
1020 3148 1193 3229 subiectam
1224 3150 1253 3235 3)
1275 3150 1453 3227 simulacro.
1497 3158 1544 3221 Ea

370 3260 483 3344 eodem
508 3255 570 3322 hoc
590 3253 703 3322 ordine
725 3257 766 3320 ad
786 3253 951 3321 veritatem
978 3252 1129 3321 recedere
1156 3260 1209 3321 aut
1237 3257 1286 3320 ab*
1299 3275 1346 3321 ea
1371 3259 1540 3323 recedere.

371 3363 476 3443 Quum
496 3367 609 3446 poetae
628 3358 664 3425 in
683 3357 856 3425 imitatione
877 3362 907 3429 h.
929 3378 957 3423 e.
978 3356 1063 3439 circa
1086 3356 1252 3426 simulacre
1265 3367 1443 3437 uersentur,
1464 3360 1551 3427 nihii

369 3467 437 3546 ueri
458 3463 561 3530 inesse
583 3484 694 3530 eorum
716 3461 867 3547 operibus
887 3481 919 3548 p.
941 3464 1111 3547 595.-p.
1135 3463 1267 3531 598..1).
1306 3464 1342 3527 Id
1358 3462 1452 3529 etiam
1467 3465 1542 3531 inde

368 3568 514 3658 probari,
542 3571 628 3654 quod
653 3575 767 3652 potitae
788 3582 947 3653 nunquam
969 3558 1031 3649 ipsi
1052 3564 1215 3647 effecerint
1237 3586 1275 3629 ea
1296 3563 1336 3631 de
1358 3565 1473 3653 quibus
1496 3568 1544 3634 lo·
1648 3550 1649 3563 ¹

369 3673 514 3762 quantur,
537 3680 761 3759 quumtamen
779 3678 1022 3737 consentaneum
1044 3673 1084 3734 sit
1105 3667 1198 3734 malle
1219 3667 1367 3754 aliquem,
1384 3668 1418 3735 ⁴si
1430 3673 1541 3753 possit,

369 3797 501 3863 operum
522 3774 766 3847 artificemesse
786 3795 883 3860 quam
909 3771 1171 3859 praedicatorem.
1215 3775 1292 3839 Esse
1322 3779 1426 3857 autem
1455 3773 1543 3842 circa

368 3873 621 3969 unamquamque
641 3899 710 3946 rem
730 3888 795 3946 tres
815 3887 915 3954 artes,
942 3879 1162 3967 χρησομένην,
1191 3870 1413 3959 ποιήσουσαν,
1437 3904 1540 3964 μιμη-

369 3982 471 4066 τικὴν,
493 3985 626 4070 primam
647 3986 767 4050 hahere
787 3981 967 4057 scientiam,
990 3979 1119 4046 alterum
1141 3976 1324 4065 opinionem
1344 4000 1471 4057 veram,
1494 3981 1541 4049 ita

369 4097 405 4154 ut
424 4088 484 4156 hoo
504 4090 598 4156 etiam
619 4091 716 4155 modo
737 4089 830 4153 tertio
852 4089 954 4171 gradu
973 4106 992 4149 a
1013 4104 1091 4150 vero
1112 4083 1229 4149 distare
1250 4082 1457 4151 imitationem
1481 4106 1541 4173 ap-

372 4200 546 4280 pmeatmp
570 4194 633 4259 598
653 4196 751 4265 Ε,-
771 4193 890 4261 60213.
917 4186 980 4256 Ab
1008 4186 1070 4255 hoc
1096 4188 1170 4268 inde
1190 4185 1262 4255 loco
1284 4190 1375 4281 docet
1390 4188 1539 4287 philoso-

370 4299 468 4386 phus,
499 4296 586 4385 quod
610 4320 768 4386 ptumum
788 4314 902 4363 munus
923 4312 1015 4363 suum
1035 4288 1207 4377 perficiat
1197 4314 1232 4359 m
1253 4313 1292 4360 eu
1311 4294 1406 4361 smmi
1426 4301 1537 4381 purte,
