3334 5142
612 436 656 458 ...
698 401 823 470 ar..

137 591 212 662 peto
235 565 436 656 γνωρίζωμεν
456 567 519 633 ,καὶ
547 557 661 632 ἐνόντα
683 563 716 631 ἒν
737 555 789 642 οἷς,
808 562 930 630 ἔνεστιν
952 553 1221 646 αἰσθανώμεθα,
1249 563 1306 627 καὶ

138 669 216 742 αὐτὰ
237 674 292 736 καὶ
314 665 374 747 τὰς
395 663 523 747 εἰκόνας
545 663 661 748 αὐτῶν,
686 691 713 736 ν.
737 693 763 736 τ.
778 669 809 734 u‘.
840 669 934 759 Quod
954 669 982 733 si
1003 667 1081 752 quid
1101 665 1195 740 video
1215 663 1307 732 Plato

136 782 198 862 ipse
216 775 361 850 lectores,
388 776 447 839 hec
469 775 704 861 comparatione
726 770 1069 837 literarummaiorum
1083 769 1306 836 minutiorum-

136 903 193 968 que
215 882 249 944 in
277 899 347 944 eam
370 879 551 963 opinionem
574 857 792 953 inductoque
813 877 951 942 iustitiae
971 874 1218 960 lontematque
1241 875 1305 938 ori-

136 989 232 1072 ginem
253 983 287 1046 in
306 983 431 1048 civitate
454 983 587 1068 reperiri
615 992 715 1068 posse'
729 983 918 1054 crederent,
932 981 1119 1044 innectam
1145 979 1229 1043 riom
1254 997 1305 1043 re·

136 1093 244 1155 ducere
266 1085 366 1150 voluit
386 1105 437 1161 eo,
467 1088 553 1170 quod
573 1084 723 1150 hocloco
747 1087 858 1148 eadem
880 1085 1117 1177 comparatione
1139 1080 1304 1148 literarum
1369 1085 1373 1099 “

135 1212 214 1266 usus,
240 1191 365 1254 disertis
383 1187 646 1264 verbisaffirmat,
669 1209 733 1254 non
745 1207 839 1274 posse
848 1187 1010 1261 literarum
1022 1183 1175 1270 imagines
1187 1205 1304 1271 cogno-

135 1297 185 1371 sci,
207 1293 267 1358 nisi
289 1294 464 1378 quis'ipsas
486 1292 591 1370 literas
614 1293 754 1376 cognitas
779 1293 912 1365 babeat,
936 1290 1048 1355 eodem
1071 1293 1168 1355 modo
1182 1309 1216 1354 se
1235 1310 1303 1356 rem

134 1401 249 1466 babere.
269 1391 403 1462 innuens
430 1391 508 1461 cum'
526 1398 663 1470 virtute,
678 1402 710 1460 et
731 1396 769 1458 iis
793 1397 903 1468 rebus,
924 1397 1007 1478 qu'ae
1027 1393 1187 1467 virtutem,
1214 1395 1309 1478 quasi-

133 1503 289 1585 imagines‚
313 1506 558 1586 repraesentent.
597 1501 681 1576 Quid
702 1501 784 1564 enirn
801 1499 922 1562 iustitia
938 1499 971 1565 iu
990 1497 1116 1573 civitate
1134 1498 1306 1562 aliudesse

133 1612 248 1694 potest,
291 1625 385 1689 quam
412 1604 494 1668 illius
515 1623 611 1669 verae
632 1603 788 1678 iustitiae,
825 1621 907 1687 quae
934 1603 967 1664 in
999 1601 1163 1668 bominum
1188 1601 1305 1666 'animis

135 1715 227 1783 extat,
262 1707 353 1794 quasi
375 1707 480 1791 imago
506 1709 663 1793 quaedam
688 1729 728 1772 ex
748 1705 801 1771 illa
826 1698 998 1791 expressa?

210 1817 313 1897 litque
344 1813 389 1874 ita
418 1813 492 1875 satis
521 1809 719 1896 explicatum·
738 1831 806 1875 esse
832 1818 999 1895 putamus,
1033 1813 1119 1896 quod
1147 1808 1304 1875 Sobleier-

133 1916 294 1983 macherus
319 1915 452 2000 intelligi
477 1936 541 1982 non
567 1936 661 1998 posse
688 1922 870 2002 putaverat,
896 1935 985 2000 pur,
1025 1917 1051 1978 si
1078 1916 1113 1978 in
1140 1913 1305 1998 republica

133 2029 306 2088 versarctur
331 2022 453 2095 oratio,
490 2022 681 2085 contrariam
704 2023 843 2104 speciem
865 2020 955 2084 Plato
981 2020 1187 2083 excitaverit:
1211 2015 1306 2105 ¹Will

132 2128 299 2192 manahen
321 2122 400 2189 doch
427 2118 490 2198 von
512 2123 633 2189 diesem
652 2127 760 2188 Punkt
781 2127 969 2208 ausgeben,
991 2126 1063 2187 dass
1088 2123 1139 2186 dio
1165 2121 1305 2188 Darstel·

133 2231 201 2313 lung
219 2232 275 2294 des
301 2233 421 2294 Staates
447 2229 505 2292 der
530 2227 716 2312 oigentlicbe
730 2259 733 2267 =
745 2231 959 2313 Hauptzueclr
979 2229 1041 2300 sei,
1072 2247 1108 2291 so
1124 2230 1208 2302 wire
1223 2226 1306 2293 doch

133 2339 220 2400 baum
241 2356 282 2399 zu
307 2329 482 2416 hegr‘eisen',
523 2351 643 2398 warum
668 2330 854 2396 absiohtlich
878 2331 935 2396 der
960 2332 1074 2396 Schein
1102 2334 1158 2397 des
1184 2333 1306 2417 Gegen·

134 2437 216 2502 tbeils
238 2439 490 2522 hervorgerufen
516 2439 632 2500 wilre.»
669 2437 715 2500 Cf.
745 2458 776 2518 p.
804 2437 854 2499 bl.
884 2442 917 2499 et
940 2438 990 2499 65.
1018 2436 1134 2498 introd.
1317 2439 1320 2450 ¹

209 2543 318 2617 Idem,
355 2562 451 2626 quum
481 2535 738 2627 praetorvidissot
772 2539 911 2606 iustitiae
930 2538 1156 2624 'quaestionem
1186 2541 1226 2604 ad
1252 2559 1306 2604 ex·

132 2646 292 2710 trueudam
314 2637 490 2732 perfectam
515 2645 674 2736 civitatem
700 2645 911 2708 necessariam
934 2663 1022 2717 esse,
1052 2663 1185 2727 eamque
1209 2641 1314 2719 adeo,

132 2754 229 2813 mente
250 2747 362 2814 saltem
384 2755 415 2813 et
437 2748 644 2832 cogitatione,
670 2751 867 2833 praecedere
889 2736 1019 2822 debere,
1044 2749 1161 2834 quippe
1178 2747 1215 2810 in'
1229 2767 1303 2830 qna,

132 2843 273 2938 tanquam
304 2853 509 2934 fundamento
532 2849 727 2927 aedificium,
758 2851 876 2915 civitas
892 2871 963 2915 cum
987 2852 1134 2917 omnibus
1162 2849 1306 2936 partibus

133 2959 192 3021 suis
214 2959 390 3031 niteretur,
419 2978 475 3020 sua
497 2963 617 3021 tontum
643 2976 737 3020 causa
760 2957 911 3020 iustitiam
931 2954 1083 3040 explicari
1102 2955 1227 3041 putens,
1254 2972 1306 3018 ra-

133 3063 244 3124 tionem
265 3063 460 3147 modumque
482 3082 547 3147 qua
566 3061 702 3125 iustitiae
717 3060 861 3144 quaestio
876 3080 948 3144 curn
964 3060 1148 3144 quaestione
1169 3059 1209 3123 de
1228 3059 1305 3123 civi-

133 3171 190 3228 tate
210 3166 378 3229 coniuncta
403 3166 453 3239 sit,
482 3162 582 3250 plane
604 3165 777 3233 abhorrere
803 3184 821 3227 a
843 3170 931 3226 recta
947 3165 1079 3227 ratione
1104 3163 1303 3227 existimarit.

133 3267 172 3333 Cl.
189 3290 218 3350 p.
235 3271 294 3341 65,
319 3269 435 3332 iutrod.
468 3269 532 3332 Nos
554 3267 636 3331 infra
658 3267 855 3341 docebimus,
879 3267 912 3329 in
933 3265 983 3329 bis
1006 3267 1113 3330 omnia
1131 3265 1306 3331 rectissime
1406 3328 1410 3338 ,

133 3391 163 3435 se
182 3369 314 3448 habere,
342 3373 540 3457 partiumque
568 3371 674 3457 operis
690 3367 955 3456 dispositionem,
983 3371 1013 3434 si
1035 3388 1054 3434 a
1078 3371 1183 3455 primo
1210 3368 1303 3444 libro,

133 3477 212 3560 quod
241 3477 400 3563 prooemii
426 3477 526 3539 instar
553 3482 619 3549 est,
657 3482 690 3538 et
722 3495 741 3539 a
775 3453 944 3538 Glauconis
969 3480 1063 3564 atque
1090 3475 1247 3538 Adimanti
1271 3475 1305 3536 ln
1349 3469 1354 3482 '

131 3581 235 3664 priore
255 3581 386 3643 secundi
405 3575 476 3643 libri
490 3569 580 3664 parte
595 3576 732 3642 iustitiae
746 3579 1044 3663 vituperationibus,
1072 3574 1186 3661 quibus
1203 3566 1305 3641 aditus

133 3685 295 3769 adipsum
323 3703 501 3748 sermonem
527 3690 747 3768 praeparatur,
780 3684 971 3756 recesseris,
1005 3687 1037 3744 et
1063 3682 1166 3765 ipsum
1192 3681 1305 3765 Operis

133 3804 242 3872 corpus
264 3784 455 3872 respexeris,
482 3786 574 3875 plane
590 3807 660 3850 eam
676 3805 754 3860 esse,
783 3806 878 3868 quam
894 3782 1201 3849 Scble‘iermacberus
1216 3783 1303 3858 velit,

133 3888 200 3953 licet
225 3887 320 3955 aliam
347 3873 388 3956 ob
415 3911 561 3966 oausam,
597 3911 691 3974 quam
716 3887 768 3954 ille
785 3888 877 3956 ¹velit.
920 3887 999 3951 Nani
1022 3889 1209 3962 tenendum,
1240 3907 1305 3972 non

133 3995 268 4078 potuisse
292 3994 412 4069 doceri,
443 3996 476 4056 in
498 4015 560 4079 qua
574 4001 615 4058 're
637 3994 769 4056 civitatis
790 3992 879 4078 prius
899 3992 1062 4066 conditae,
1087 3991 1120 4054 id
1141 3993 1227 4075 quod
1249 3993 1305 4054 tla-

134 4097 207 4178 gitet
232 4095 553 4173 Schleiermacberus,
582 4098 699 4160 iustitia
724 4103 755 4160 et
776 4097 984 4182 temperantia
1004 4096 1107 4181 posita
1122 4096 1172 4169 sit,
1194 4095 1255 4158 nisi
1269 4097 1305 4158 in

134 4201 295 4264 condenda
319 4201 445 4264 civitate
470 4212 576 4265 etrum
601 4201 751 4264 virtutum
774 4196 980 4284 exemplaria,
1009 4220 1090 4283 quae
1119 4205 1191 4263 suut
1212 4217 1303 4284 rope-

135 4305 227 4368 tenda
241 4324 282 4368 ex
296 4306 418 4380 animo,
442 4312 514 4370 ante
535 4302 645 4370 oculos
659 4302 774 4368 babeat
795 4304 956 4381 conditor3
979 4303 1193 4388 virtutumque
1209 4304 1303 4371 disol-
