3334 5142
1048 246 1066 293 t

577 376 808 439 -163-

126 550 184 607 tum
207 539 268 608 eet,
298 532 344 596 ita
367 534 428 597 hoc
452 532 548 620 etiam
575 533 648 598 loco
665 532 816 621 accidere
841 529 975 599 ridebis.
1018 527 1096 597 Falli
1120 542 1178 596 nos
1200 530 1283 619 wpati·-

126 664 188 713 mnr
206 640 264 704 hac
285 637 424 722 Socratis
446 635 636 705 liberalitate
663 644 695 702 et
716 638 839 703 astutia.
884 640 930 701 lta
949 635 1046 720 igitur
1068 636 1156 707 nulla
1171 654 1284 699 eorum

125 762 195 831 quae
215 742 332 807 Glauco
352 741 549 824 interrogare
569 739 713 811 voluerat
727 738 986 817 retiamhabita,
1008 734 1109 807 novae
1130 740 1178 805 rei
1192 744 1285 805 antea

124 832 316 934 explicandae
338 845 534 911 mentionem
551 844 683 922 faciens,
707 848 810 923 docet,
838 866 955 932 pueros
972 846 1036 910 iam
1056 852 1166 911 leue-ra
1183 850 1283 911 aetate

125 951 159 1017 ad
180 947 259 1013 bella
283 945 484 1014 adducendos
510 968 596 1024 esse,
627 957 664 1013 ut
688 948 800 1015 melius
825 952 947 1017 discant
969 948 1116 1021 militaria
1138 970 1283 1025 munera,

125 1052 253 1121 adhibita
272 1058 378 1115 tamen
399 1050 541 1137 diligenti
563 1071 639 1117 cura
659 1075 702 1126 ne,
722 1052 831 1119 civitas
853 1074 913 1137 per
935 1052 1004 1118 eam
1024 1073 1094 1119 rem
1116 1056 1285 1119 detrimen-

124 1168 181 1225 tum
198 1154 329 1240 aliquod*
343 1153 456 1238 capiat.
501 1159 609 1241 ltaque
632 1155 697 1232 illa,
723 1157 838 1241 quibus
859 1156 932 1222 fieri·
949 1158 1029 1221 haec
1050 1178 1144 1241 posse
1165 1180 1199 1223 se
1219 1157 1285 1223 iam

125 1258 272 1345 explicare
301 1258 381 1324 velle
408 1258 625 1347 significahat.
649 1280 713 1327 uon
738 1260 833 1327 aliam
860 1264 901 1327 oh
925 1282 1049 1327 causam
1071 1261 1153 1328 dicta
1173 1261 1284 1327 viden·

123 1376 184 1441 tur,
210 1382 303 1449 quam
327 1369 363 1427 ul
385 1360 431 1427 ita
456 1362 659 1449 cupiditatem
681 1363 853 1449 legentium
876 1362 1131 1451 audientiumque
1157 1365 1286 1450 paulum

122 1468 342 1552 restaurarem
363 1474 396 1531 et
414 1467 486 1534 sine
498 1466 747 1553 reprehensione
767 1471 925 1560 reliquum
946 1486 1130 1539 sermonem
1152 1473 1193 1535 de
1210 1470 1287 1535 civi*-

123 1581 178 1639 tate
194 1578 365 1656 pertenere
384 1569 503 1655 posset.
546 1574 778 1658 Exspectabaut
799 1579 905 1641 autem
924 1572 1058 1646 lectores
1074 1573 1287 1655 iam'demon·

122 1684 281 1768 straturum
312 1697 394 1739 esse·
411 1678 594 1755 Socratem,
617 1675 792 1763 ,memoro
816 1679 879 1744 ista
901 1676 1085 1753 commuuio
1113 1676 1286 1759 mulierum

122 1790 206 1867 atque
233 1779 408 1845 liberorum
439 1778 510 1845 lieri
537 1787 655 1863 posset.
698 1779 746 1870 Cf.
772 1782 829 1846 lib.
864 1785 902 1849 V.
932 1801 1005 1868 pag.
1041 1782 1122 1857 ter,
1163 1784 1200 1848 l).
1216 1822 1222 1852 -,
1238 1783 1284 1848 St.

122 1888 221 1969 ltaque
244 1882 427 1950 felicissime
446 1883 592 1950 hocloco
611 1890 775 1953 socratem
795 1883 934 1969 vulgaris
958 1883 1113 1975 sermonis
1128 1882 1287 1955 licentiam

122 1989 227 2053 imitari
247 1986 409 2069 videmus,
440 2007 477 2051 ac
501 1986 604 2057 celare
629 1988 674 2060 ita
698 1991 853 2053 rationem
880 1987 1016 2075 partium
1046 1990 1152 2073 operis
1180 1996 1212 2053 et
1237 2009 1288 2073 sy·

122 2092 309 2159 stomaticam
331 2091 404 2158 eius
425 2092 600 2168 rationem,
630 2112 707 2159 cum·
730 2100 837 2160 tamen
863 2094 967 2167 omnia
994 2094 1128 2179 proprio
1156 2091 1229 2157 loco
1253 2100 1286 2159 et

122 2216 171 2263 suo
191 2192 363 2279 proferret.
407 2198 578 2280 Namque
606 2195 670 2261 alio
697 2194 769 2261 loco
798 2194 952 2279 explicari
973 2198 1095 2287 potuit,
1125 2198 1285 2281 quomodo

121 2298 258 2366 inbellis
277 2300 559 2366 versaturiesseut
581 2296 726 2364 custodes
747 2322 819 2376 cum
841 2296 1025 2365 mulieribus
1040 2299 1105 2365 suis
1121 2298 1286 2383 allideris,
1323 2336 1325 2340 ·

121 2403 174 2469 nisi
190 2406 258 2480 ,hoc
289 2404 366 2489 ipso·
387 2403 554 2489 locoque
576 2405 616 2468 de
636 2404 804 2469 liis-etiam
830 2404 972 2468 dixerat?
1017 2402 1171 2469 Similiter
1195 2406 1289 2490 plane

122 2510 274 2576 Socratem
301 2509 395 2576 toties
424 2515 570 2590 repetere
594 2505 746 2586 vidimus,
778 2526 813 2572 se
834 2506 897 2571 iam
919 2508 1045 2591 iamque
1069 2508 1188 2573 iustitia
1213 2508 1289 2592 quid

92 2604 96 2617 '
121 2618 196 2677 esset
222 2614 441 2698 quaesiturum
464 2632 553 2678 esse..
592 2610 639 2679 ef.
662 2607 714 2675 lm
736 2612 777 2674 ΙΙ.
796 2632 835 2694 p.
860 2613 934 2687 372,
958 2615 995 2677 A.
1018 2614 1054 2677 Ε.
1077 2614 1150 2686 376,
1173 2614 1214 2675 Ι).
1241 2612 1286 2677 St.

120 2715 195 2781 Hinc
218 2736 301 2796 pero
326 2712 468 2781 concludi
491 2721 605 2801 potest,
632 2720 779 2801 quantam
804 2712 868 2778 vim
892 2715 1009 2794 habeat
1033 2734 1143 2782 eorum
1165 2722 1290 2779 senteu-

119 2819 174 2895 tia,
208 2818 263 2903 qui
291 2819 469 2901 Πολιτείας
499 2817 598 2883 finem
616 2818 651 2881 in
676 2820 858 2901 quaerenda
880 2816 998 2905 iustitia
1020 2820 1161 2901 positum
1185 2816 1290 2883 videri

118 2929 282 3009 propterea
310 2923 432 2999 dieunt,
468 2924 619 3007 quonum
651 2920 718 2994 eius
750 2922 870 2985 mentio
902 2928 966 2987 mm
1000 2934 1108 3007 saepe.
1124 2930 1218 3007 atque
1244 2923 1289 2989 ita

119 3027 299 3102 iniiciatur.
317 3035 464 3111 tanquam
488 3047 527 3091 ea
544 3046 637 3092 causa
658 3023 761 3090 omnis
782 3046 886 3091 sermo
908 3024 1098 3101 instituatur.

197 3129 323 3212 Deinde
344 3132 490 3198 Socrates
511 3138 658 3214 tanquam
682 3130 882 3195 occasionem
902 3135 1012 3203 nactus
1033 3128 1126 3195 latius
1148 3128 1291 3199 debello

121 3233 239 3299 dicendi
261 3234 294 3299 τί
316 3221 351 3299 ‹t's
373 3230 431 3314 ὀὴ,
452 3232 572 3320 inquit,
595 3230 637 3298 τὰ
658 3236 732 3322 περὶ
752 3229 809 3299 τὸν
830 3228 990 3318 πόλεμονς
1016 3234 1084 3311 πῶς
1106 3221 1213 3311 ἑκτέον
1235 3260 1289 3303 σοι

122 3335 200 3418 τοὺς,
223 3332 431 3424 στρατιώτας
440 3330 659 3425 aspiceremus
674 3341 778 3408 τεκαὶ
793 3332 869 3413 τοὺς
882 3336 1075 3423 asclepion&
1098 3322 1148 3425 ἆρ’
1173 3334 1289 3428 ὀρθῶς

120 3466 173 3528 μοι
192 3441 449 3534 καταφαίνεται,
473 3436 493 3521 ἢ
515 3434 685 3525 oa'1'3Ae'y',
707 3435 877 3530 immeto?
902 3435 960 3521 ἄνς
984 3438 1022 3505 ci.
1045 3460 1076 3527 p.
1101 3442 1172 3507 tes.
1190 3444 1226 3507 Α.
1246 3445 1289 3511 st.

120 3544 218 3611 Huius
237 3540 310 3610 ‘loci
336 3546 461 3612 interna
489 3545 569 3612 ratio
598 3563 663 3608 uon
686 3540 768 3627 fugit
795 3540 979 3644 ,Schneideri
1001 3546 1210 3627 sagacitatem.
1242 3548 1286 3613 ,Is

41 3683 43 3708 ÷
118 3650 211 3733 igitur
230 3656 393 3735 receptam
414 3669 434 3713 a
453 3668 488 3715 se
507 3646 675 3718 lectionem
703 3646 798 3720 Tios
822 3642 873 3727 dil,
896 3654 1005 3713 contra
1019 3647 1150 3714 alteram
1165 3651 1234 3715 Par.
1249 3652 1293 3717 A.

120 3752 259 3837 alierum.
288 3755 328 3819 Τι’
342 3755 399 3819 δαὶ
413 3748 465 3831 δὴ,
485 3758 644 3837 receptam
657 3752 849 3834 aBelrlrero,
873 3750 1057 3827 defendens,
1078 3750 1157 3817 haec
1171 3756 1286 3820 habet:

124 3860 192 3926 illle
202 3878 268 3943 quo
285 3858 388 3923 minus
403 3853 493 3921 idem
504 3842 644 3927 facerem
658 3865 756 3940 quum
771 3874 810 3919 ea
824 3856 1058 3930 deterruerunt,
1081 3876 1162 3940 qnae
1177 3858 1245 3924 Vel.
1260 3859 1286 3923 I.

119 3978 148 4046 p.
170 3965 243 4031 155.
266 3964 306 4026 de
328 3957 432 4025 dubia,
445 3957 556 4044 optimi
584 3959 701 4023 codicis
721 3959 756 4021 in
776 3959 837 4023 hac
863 3979 899 4022 re
929 3944 1113 4031 auctoritate
1144 3962 1289 4046 exposita

118 4071 198 4141 suut,
222 4073 290 4132 tum
312 4066 398 4150 quod
419 4081 548 4135 causam
564 4079 629 4127 non
650 4060 802 4136 riderem,
821 4082 883 4152 cur
898 4064 1042 4127 Socrates
1056 4082 1164 4133 occo-m
1181 4066 1289 4129 haecce

118 4168 331 4251 diprociooem
356 4165 472 4234 maiori
500 4186 571 4230 cum
592 4169 705 4234 affeetu
731 4163 956 4232 enordiendam
978 4154 1170 4253 putaverit.»
1215 4170 1291 4237 Per-

119 4272 197 4360 tinet
215 4294 295 4343 vero
314 4276 393 4341 haec
410 4272 534 4356 duplex
554 4273 709 4355 quaestio,
733 4290 826 4355 quarn
848 4272 890 4338 ita
912 4273 1006 4343 etiam
1027 4273 1172 4359 mactavit
1190 4272 1289 4355 Plato,
