3334 5142
832 376 1064 445 ..ςης-

358 528 442 607 ὅταν
461 536 502 605 ἐν
509 530 599 629 αύτῷ
620 529 725 630 τούτῳ
743 530 840 616 ςάσις
858 536 1037 623 ἐγγένηται,
1060 531 1279 658 ὁμονοοῦντος
1300 538 1346 618 δέ,
1368 534 1431 605 κάν
1445 531 1535 605 πάνυ

357 637 469 729 ὀλίγον
488 668 524 736 η,
545 606 715 707 ἀδύνατού
731 642 932 723 κινηθῆναις
946 638 1041 708 Ἐστι
1062 637 1127 759 γάρ
1152 632 1247 709 ούτω.
1289 641 1372 719 Πῶς
1394 626 1453 709 οὖν
1476 636 1535 723 δή,

358 736 465 825 εἶπον,
487 770 513 810 ω
498 732 565 811 I
563 738 748 825 λαυκων
730 771 751 827 η
773 740 909 823 πόλιςἲ
891 748 967 830 ημῖν
989 739 1228 827 κινηθήσεταις
1262 750 1318 812 καὶ
1342 744 1387 826 πῆ
1415 739 1538 822 ςαοιά-

357 870 473 916 σουοιν
493 850 526 914 οί
548 848 715 937 ἐπίκουροι
734 853 792 914 καὶ
813 852 846 914 οί
867 844 1021 937 ἀρχοντες
1041 845 1125 938 πρός
1147 842 1311 931 ἀλλήλους
1326 872 1359 915 τε
1374 854 1430 915 καὶ
1451 844 1539 933 πρὸς

358 946 513 1034 έαυτούςς
541 947 563 1034 ἢ
591 947 722 1038 βούλει,
754 942 862 1040 ίίσπερ
883 943 1045 1040 Ὅμηρος,
1085 947 1260 1041 εὐχώμεθα
1283 956 1355 1030 ταῖς
1376 947 1539 1030 Μούσαις

360 1052 460 1124 εἰπεῖν
481 1050 574 1142 ἡμῖν,
603 1047 692 1134 ὅπως
712 1051 753 1137 δή
780 1056 912 1145 πρῶτον
938 1051 1035 1133 ςάσις
1057 1054 1189 1142 ἔμπεσε,
1215 1059 1271 1123 καί
1294 1056 1406 1148 φῶμεν
1427 1051 1538 1133 αύτάς

359 1159 536 1251 τραγικῶς,
566 1152 609 1238 ὡς
630 1155 713 1250 πρὸς
732 1161 856 1237 παῖδας
876 1152 963 1244 ἡμᾶς
984 1154 1167 1241 παιζούσας
1192 1164 1250 1226 Ιναὶ
1280 1155 1538 1251 ἐρεσχηλούσας,

359 1259 406 1343 ὡς
423 1260 468 1436 δή
490 1263 616 1382 σπουδή
644 1257 820 1349 λεγούσας,
849 1257 1165 1383 ὑψηλολογουμένας
1192 1265 1314 1349 λέγειν;
1344 1264 1439 1346 Πῶς,·
1455 1252 1541 1329 Ὧδέ

360 1420 521 1594 γενομένη
555 1474 654 1548 παντὶ
691 1464 864 1564 φθορά’
848 1492 931 1551 εςιν,
971 1465 1039 1536 οὐδ’
1075 1465 1097 1555 ἡ
1134 1465 1273 1553 τοιαύτη
1311 1465 1448 1551 ξύςαοις
1479 1467 1542 1537 τὸν

360 1567 493 1643 ἅπαντα
508 1579 606 1701 μενεῖ
620 1568 755 1666 χρόνον,
777 1569 866 1639 ἀλλά
887 1567 1088 1659 λυθήσεται.
1109 1568 1202 1653 λύσις
1224 1577 1260 1641 δὲ
1280 1564 1350 1661 ήδε
1373 1570 1412 1641 ού
1434 1568 1542 1662 μόνον

360 1684 489 1775 φυτοῖς
500 1678 654 1765 ἐγγείοις,
680 1672 767 1743 ἀλλὰ
788 1682 844 1743 καὶ
865 1678 899 1743 ἐν
920 1678 1073 1763 ἐπιγείοις
1093 1673 1219 1759 ζώοις
1210 1675 1302 1772 φορά
1331 1682 1386 1745 καί
1409 1673 1542 1771 ἀφορία

359 1783 476 1877 ψυχῆς
501 1807 535 1849 τε
563 1787 621 1849 καὶ
650 1779 810 1869 σωμάτων
835 1780 1020 1867 γίγνονται,
1053 1772 1136 1849 όταν
1174 1787 1370 1872 περιτροπαὶ
1407 1777 1542 1860 ἐκοίςοις

361 1884 487 1954 κύκλων
516 1881 706 2013 περιφοράς
735 1878 937 1966 ξυνάπτωοι,
957 1886 1182 2009 βραχυβίοις
1195 1891 1257 1973 μέν
1287 1879 1541 1977 βραχυπόρους,

361 1989 520 2087 ἐναντίοις
540 1990 615 2056 δέ’
599 1988 756 2067 εναντίας.
776 1991 891 2075 γένους
912 1982 986 2055 δέί
969 1991 1125 2078 υμετέρου
1150 1983 1298 2077 εύγονίας
1319 2014 1354 2056 τε
1375 1994 1431 2059 και
1452 1985 1543 2081 ἀφο-

363 2094 455 2186 ρίας,
476 2094 591 2183 καίπερ
614 2088 706 2171 ὄντες
726 2098 829 2184 σοφοὶ
851 2086 909 2170 οὓς
936 2085 1101 2178 ἡγεμόνας
1122 2086 1247 2171 πόλεως
1273 2088 1543 2175 ἐπαιδεύσασθε,

365 2193 462 2266 οὐδέν
482 2199 610 2283 μᾶλλον
629 2197 812 2288 λογισμι
808 2219 867 2263 αετ
897 2190 1092 2281 αισθήσεως
1113 2191 1296 2278 τεύξονται,
1319 2192 1405 2263 ἀλλά
1424 2192 1543 2286 πάρει-

366 2324 419 2368 σιν
440 2296 580 2381 αύτούς,
600 2304 656 2366 καί
676 2291 871 2386 γεννήσουσι
896 2293 1019 2377 παῖδάς
1042 2322 1122 2367 ποτε
1145 2295 1183 2366 ού
1215 2298 1346 2368 δέον.
1327 2325 1375 2378 εςι
1397 2303 1433 2368 δέ
1454 2301 1542 2393 θείῳ

363 2411 425 2493 μὲν
443 2428 583 2497 γεννητφ
568 2396 792 2494 περίοδος“
767 2427 811 2487 ην
824 2397 976 2489 ἀριθμὸς
990 2397 1227 2493 περιλαμβάνει
1240 2406 1380 2486 τέλειος,
1404 2400 1543 2495 ἀνθρω-

365 2509 443 2601 πείιρ
466 2509 538 2575 δέ’
522 2532 557 2575 εν
578 2495 604 2599 ᾧ
624 2500 742 2631 πρώτιρ
764 2500 915 2613 αὐξήσεις
936 2501 1114 2594 δυνάμεναί
1141 2531 1174 2573 τε
1202 2513 1258 2573 και
1286 2502 1544 2597 ὁνναςευόμεναι

365 2616 452 2703 τρεῖς
481 2606 674 2692 ἀποςάσεις,
702 2604 865 2703 τέτταρας
893 2600 976 2677 δέ“’
956 2632 1055 2702 ορους
1083 2605 1295 2696 λαβούσαι”
1279 2604 1482 2699 ομοιούντων
1508 2636 1543 2680 τε

345 2720 424 2804 νκαι
445 2708 690 2802 ἀνομοιούντων
718 2718 774 2779 καὶ
799 2708 964 2795 αὐξόντων
991 2719 1047 2781 καὶ
1068 2708 1265 2839 φθινόντων
1285 2710 1394 2783 πάντα
1415 2710 1543 2805 προσή

365 2844 452 2909 γορα
473 2824 529 2885 καί
557 2813 643 2908 ῥητά
669 2812 753 2908 πρὸς
779 2813 909 2899 ἀλληλα
935 2807 1172 2911 ἀπέφηναν·
1146 2842 1191 2886 ων
1219 2818 1381 2911 ἐπίτριτος
1400 2818 1544 2909 πυθμήν

367 2917 514 3012 πεμπάδι
536 2922 683 3007 συζυγεὶς
704 2915 779 3009 δύο,
792 2915 955 3011 ἁρμονίας
982 2925 1159 3014 παρέχεται
1187 2928 1258 3009 τρίς
1286 2919 1462 3005 αὐξηθείς,
1485 2920 1545 3005 τήν

366 3035 427 3117 μέν
447 3028 522 3109 ἰὀην
543 3019 669 3106 ἰσάκις,
696 3021 814 3093 ἑκατὸν
842 3020 1064 3105 τοσαυτάκις,
1086 3022 1147 3113 τήν
1174 3029 1209 3094 δέ
1226 3022 1382 3115 Λἰσομήκη
1408 3034 1470 3114 μέν
1492 3028 1544 3122 τῇ,

366 3125 523 3221 προμήκη
544 3131 598 3206 δέ,
621 3125 738 3196 ἑκατόν
757 3135 817 3215 μὲν
839 3123 997 3219 ἀριθμῶν
1011 3125 1077 3197 ἀπὸ
1100 3131 1284 3221 διαμέτρων
1297 3130 1404 3221 ῥητῶν
1415 3127 1545 3219 πεμπά-

368 3237 434 3314 δος.
447 3234 605 3320 δεομένων
626 3228 696 3311 ἑνὸς
717 3227 858 3314 ἐκάςων,
879 3227 1032 3324 ἀρῥήτων
1052 3235 1088 3300 δέ
1110 3235 1215 3317 δυεῖν,
1241 3229 1357 3301 ἑκατόν
1378 3236 1415 3301 δέ
1436 3230 1547 3321 κύβων

368 3331 514 3427 τριάδος.
534 3329 661 3423 ξύμπας
675 3337 711 3402 δέ
726 3325 823 3414 οὗτος
833 3331 986 3426 ἀριθμός
999 3333 1248 3459 γεωμετρικός,
1246 3331 1400 3405 τοιούτου
1421 3332 1544 3461 κύριος,

369 3436 550 3571 ἀμεινόνων
571 3464 604 3507 τε
626 3444 682 3506 καὶ
699 3433 857 3534 χειρόνων
876 3442 1038 3526 γενέσεων
1059 3432 1101 3522 ἀς
1123 3430 1204 3507 ὅταν
1227 3434 1449 3527 ἀγνοήσαντες
1469 3436 1547 3529 ύμῖν

368 3549 402 3614 οἱ
432 3540 578 3639 φύλακες
609 3544 814 3625 ουνοικίζωσι
851 3540 983 3665 νυμφάς
1014 3543 1170 3666 νυμφίοις
1201 3541 1294 3663 παρά
1319 3542 1453 3637 καιρὸν,
1486 3541 1547 3613 οὐκ

369 3646 500 3773 εὐφυεῖς
513 3642 588 3715 οὐδ’
612 3643 753 3735 εὐτυχεῖς
773 3646 920 3725 παῖδες”
902 3665 1045 3714 εοονται·
1070 3638 1113 3714 ὧν
1133 3643 1382 3733 καταςήοονται
1394 3656 1455 3767 μὲν
1470 3647 1547 3728 τούς

367 3748 506 3853 ἀρίςους
522 3754 560 3819 οί
579 3745 753 3842 πρότεροι,
774 3742 952 3837 όμωςδέ1
941 3746 1031 3828 όντες
1052 3746 1197 3833 ἀνάξιοι,
1218 3776 1265 3830 εις
1285 3749 1345 3831 τάς
1365 3754 1429 3820 τῶν
1447 3756 1548 3821 πατέ-

370 3880 436 3948 ρων
458 3880 501 3923 αυ
488 3848 669 3942 ’δυνάμεις
689 3849 889 3933 ἐλθόντες’
869 3853 961 3941 ημῶν
975 3854 1104 3944 πρῶτον
1116 3851 1273 3947 ἄρξονται
1292 3850 1422 3976 ἀμελεῖν
1436 3851 1548 3947 φύλα·

369 3984 422 4040 κες
444 3956 548 4040 ὅντες,
568 3954 643 4076 παρ’
668 3955 804 4025 ἔλαττον
831 3982 891 4023 του
876 3953 1084 4036 δέοντος
1063 3954 1267 4046 ηγησάμενοι
1294 3956 1337 4025 τά
1365 3962 1547 4048 μουσικῆς,

370 4060 540 4189 δεύτερον
541 4064 577 4129 δὲ
598 4056 641 4127 τά
660 4062 872 4181 γομναςικῆς.
893 4052 1025 4129 όθεν’
1005 4055 1226 4152 αμουοότεροι
1254 4057 1461 4148 γενήσονται
1459 4060 1548 4153 ύμῖν

373 4170 406 4235 οἱ
426 4169 502 4235 νέοι.
524 4166 558 4233 ἐιι
580 4167 616 4232 δέ
637 4159 761 4231 τούτων
782 4160 938 4255 ἄρχοντες
951 4160 990 4231 ού
1008 4158 1095 4231 πάνυ
1107 4167 1285 4257 φυλακικοὶ
1299 4161 1563 4293 κατμςήσονται·

295 4280 300 4289 “
372 4266 457 4363 πρὸς
483 4267 522 4338 τὸ
550 4264 737 4357 δοκιμάζειν
766 4264 810 4335 τά
831 4262 993 4339 Ἡσιόδου
1021 4290 1056 4337 τε
1091 4271 1149 4337 καί
1176 4266 1220 4336 τά
1245 4263 1321 4363 παρ’
1351 4264 1429 4359 ύμῖν
1452 4274 1548 4363 γένη,
