3334 5142
872 411 1103 524 ...pain

409 586 613 673 repetuntur,¹
641 586 676 675 'et
702 579 800 649 verba
826 564 926 662 δῆλος
946 575 1010 670 ’γάρ
1031 569 1097 647 ’που
1118 572 1174 646 sai
1195 566 1309 658 οὗτος,
1341 566 1417 644 οἷον
1442 571 1595 669 φήσομεν

414 690 481 755 δεῖν
501 682 603 753 αὐτὸν
623 676 716 753 εἶναι.
761 684 884 767 Δῆλος,
910 683 983 775 ἔφη·
1011 677 1127 749 docent
1150 699 1216 749 uon
1242 681 1428 766 singulatim
1458 679 1503 745 de
1530 680 1595 745 viro

410 792 485 857 huie
507 792 624 856 niniati
648 789 741 857 simili
764 791 881 854 dietum
895 796 986 863 esse,
1018 791 1077 853 sed
1096 785 1252 853 inclusum
1272 800 1348 851 eum
1374 799 1454 849 esse
1479 787 1515 849 in
1542 788 1595 849 hae
1621 801 1622 808 ¹

411 894 544 961 civitatis
567 893 790 977 descriptione.
835 894 929 971 Quod
947 894 1010 957 nisi
1030 912 1084 956 res
1100 894 1145 956 ita
1163 898 1254 963 esset,
1276 892 1358 955 haee
1375 890 1498 953 dooeri
1517 910 1594 971 opus

411 1015 475 1065 non
499 1006 576 1073 erat,
602 995 867 1085 quemadmodum
889 1016 950 1061 nee
974 994 1081 1061 docuit
1101 994 1190 1061 Plato
1210 994 1330 1060 dictum
1351 1014 1429 1058 esse
1453 988 1499 1057 de
1524 992 1594 1056 oiri

408 1098 485 1178 tate,
513 1108 545 1167 et
564 1100 638 1167 satis
658 1104 768 1167 hahuit
790 1103 1058 1176 commemorare,
1087 1099 1209 1164 finitum
1232 1118 1318 1164 nune
1340 1118 1416 1163 esse
1444 1102 1538 1162 huno
1559 1099 1592 1161 de

411 1205 537 1271 civitate
559 1222 745 1274 sermonem.
787 1203 883 1282 Quod
902 1206 930 1269 si
953 1205 1029 1288 quid
1051 1216 1114 1288 ego
1133 1206 1229 1269 rideo
1248 1201 1311 1267 riri
1331 1204 1512 1287 perfectae
1525 1203 1593 1264 oiri

409 1310 483 1375 tatis
503 1308 613 1375 similis
632 1312 693 1374 hoc
714 1308 786 1373 loco
806 1328 871 1373 non
893 1307 984 1373 aliter
1000 1306 1036 1371 fit
1056 1309 1184 1383 mentio,
1210 1322 1303 1392 quam
1320 1304 1358 1381 iu
1380 1305 1590 1391 sequentihus

410 1412 606 1480 diversarum
623 1412 782 1478 eivitatuni
798 1413 896 1487 viros,
922 1411 976 1497 qni
991 1414 1163 1477 earundem
1183 1410 1321 1476 indolem
1338 1408 1498 1475 referant
1516 1428 1590 1473 com

410 1516 580 1583 memorari
604 1516 763 1593 videmus,
792 1515 1077 1599 utinteIIigamas,
1105 1518 1191 1579 unde
1211 1532 1323 1579 omnes
1347 1512 1511 1577 civitates
1533 1512 1588 1577 ori-

409 1620 515 1705 ginem
540 1620 694 1697 habeant,
724 1612 851 1706 etquid
873 1620 908 1685 in
929 1618 1047 1684 iudicio
1068 1618 1110 1685 de
1132 1618 1177 1685 iis·
1192 1616 1324 1683 ferendo
1344 1616 1588 1699 respIeiendnu

409 1724 458 1795 sit.
485 1722 550 1789 of.
578 1719 632 1790 lib.
661 1726 744 1793 VIII.
765 1742 803 1811 p:
821 1722 892 1789 aaa.
914 1726 950 1788 Ii.
972 1724 1053 1801 oid,
1081 1726 1122 1787 I).
1145 1724 1219 1787 548.
1244 1728 1323 1791 extr.
1346 1722 1431 1795 550,
1468 1722 1505 1785 C.
1526 1742 1585 1805 sqq.

410 1812 482 1897 aaa
501 1826 551 1892 aa
569 1829 641 1903 aas,
665 1828 700 1891 o.
723 1829 777 1897 na.
797 1828 853 1893 nr
874 1829 949 1892 571.
971 1826 1016 1891 a.
1041 1827 1086 1890 se
1129 1821 1277 1891 ceterum
1300 1825 1415 1909 nogara
1442 1843 1515 1889 non
1539 1846 1586 1907 pa

408 1938 473 1996 test
492 1931 634 1997 adiuvari
654 1930 721 1996 istis
746 1929 856 1997 falsam
880 1932 1019 2015 spetiem
1045 1922 1086 1995 de
1114 1921 1243 2014 Operis?
1251 1926 1313 1993 tine
1334 1930 1538 2004 excitatam,
1561 1937 1585 1992 et

410 2034 534 2121 anneo'ti
553 2036 597 2100 ita
621 2038 786 2101 commode
807 2034 948 2101 ha'eoiis
966 2052 1054 2122 qnae
1079 2036 1120 2100 de
1136 2034 1259 2099 iustitia
1283 2040 1377 2097 antea
1403 2034 1541 2099 dixerat
1560 2042 1584 2097 et

410 2142 512 2204 adhue
534 2138 641 2205 dicere
660 2137 795 2205 volebat.
837 2142 918 2204 Nam
942 2146 1045 2206 totum
1069 2158 1149 2224 opus
1176 2136 1216 2203 de
1233 2134 1408 2223 Repanioa
1432 2136 1473 2201 in
1495 2158 1582 2222 qnae·

409 2242 542 2308 stioneni
561 2241 600 2308 de
615 2241 841 2328 institia'qnasi
859 2241 994 2309 formam
1014 2241 1168 2308 inclusum
1191 2248 1248 2307 esti
1285 2244 1336 2334 Ita
1348 2260 1411 2305 nec
1427 2242 1504 2307 sine
1517 2262 1582 2306 eon

410 2343 480 2411 silio
501 2345 597 2429 paulo
618 2338 710 2422 ante,
741 2346 801 2411 etsi
822 2349 928 2411 obiter
951 2340 1091 2423 mutim,
1123 2344 1262 2411 institiae
1289 2346 1493 2410 mentionem
1521 2343 1580 2409 tien'

407 2447 568 2514 vidimus*
590 2436 638 2514 CI.
662 2469 692 2535 p.
715 2449 786 2518 iii).
806 2452 845 2515 E.
869 2452 913 2515 st.
959 2453 1086 2516 Summa
1106 2449 1204 2533 igimr
1220 2447 1580 2534 disputationisnostrae

407 2556 486 2618 haee
515 2562 581 2619 est:
616 2555 733 2631 omnia,
764 2574 846 2640 quae
874 2554 914 2621 ad
941 2558 1040 2620 huno
1054 2571 1156 2638 usqne
1175 2555 1281 2619 locnm'
1306 2574 1326 2618 a
1350 2551 1428 2617 libii
1454 2551 1580 2618 secund

407 2677 439 2740 p.
461 2656 533 2723 368.
556 2658 601 2722 St.
629 2660 809 2735 dictasint,
845 2662 884 2723 de
913 2658 1036 2725 civitate
1063 2658 1203 2746 perfecta
1228 2655 1310 2724 dieta
1330 2676 1419 2735 esse,
1451 2659 1578 2743 eiusque

407 2758 625 2850 disputationis
646 2764 729 2828 hunc
749 2782 818 2829 esse
839 2760 944 2827 finem.
1027 2808 1030 2813 -

415 3314 418 3325 2
492 3231 653 3336 Septimi
676 3235 765 3311 libri
785 3238 900 3340 finem
923 3242 1027 3311 reate
1051 3192 1108 3311 oo¹
1122 3258 1193 3311 suo
1217 3237 1300 3313 loeo
1323 3237 1490 3337 positum

598 3406 602 3413 ·
677 3434 680 3439 .
817 3364 1241 3462 easaetenatone..

489 3581 599 3646 Finem
620 3582 744 3668 septimi
764 3580 860 3648 huius
880 3581 954 3648 libri
974 3587 1103 3649 reete'a
1123 3582 1403 3669 sequenaoeavo
1416 3582 1504 3649 libro
1517 3583 1570 3649 dis-

405 3685 493 3771 iungi
508 3705 608 3777 *nemo
630 3690 752 3771 estqui
773 3695 878 3770 neget.
923 3690 1032 3772 Itaque
1051 3694 1291 3753 tantumrestat
1311 3692 1348 3749 ut
1373 3690 1569 3753 ostendamus

402 3792 490 3854 innuo
508 3788 675 3874 septimum
703 3788 820 3855 librum
842 3798 928 3855 reete
947 3812 966 3856 a
986 3793 1134 3877 proximo
1154 3791 1263 3879 priore
1283 3790 1366 3857 libro
1387 3790 1569 3857 disiunctum

405 3892 523 3969 videri3
555 3895 642 3979 quod
655 3910 710 3957 ’ex
738 3895 807 3979 ipso
836 3896 927 3959 huius
949 3894 1022 3959 libri
1044 3902 1227 3982 argumento
1248 3894 1423 3980 apparebit
1468 3898 1568 3961 Totins

400 3990 494 4062 'vero'
506 3993 580 4061 libri
601 3983 817 4083 argumentum
839 3995 888 4063 ad¹
898 4001 965 4064 hoe
981 4001 1073 4078 redit,
1095 4008 1130 4065 ut
1140 3998 1328 4085 'disciplinae
1343 3995 1459 4085 quihus
1474 4008 1569 4065 eusto-

401 4096 463 4163 'des
491 4106 522 4164 et
548 4108 689 4166 rectores
719 4100 1021 4170 innui-instituendi
1048 4098 1119 4167 sint
1138 4110 1344 4179 enarrentur,
1369 4115 1567 4189 temporaque
1621 4109 1622 4180 i

406 4199 532 4289 quando
561 4202 734 4269 tradendae
764 4204 837 4269 sint·
858 4214 1083 4293 proponantur.
1127 4206 1221 4285 Quod
1236 4210 1293 4272 'de
1324 4205 1460 4290 septimo
1491 4206 1566 4272 libro
1621 4199 1622 4212 ¹

403 4306 721 4392 omnes-macedoni,
744 4326 817 4378 eum
838 4316 926 4375 reete
947 4312 988 4377 el>
1009 4317 1125 4377 octavo·
1145 4308 1293 4396 disiungi,
1315 4312 1400 4376 idem
1419 4313 1460 4377 de
1474 4311 1564 4396 quarti
