3334 5142
823 414 1056 489 „313-

343 582 450 686 ’πείιμ
472 586 513 652 δὲ
534 574 574 651 ἓν
594 574 621 678 ᾧ
641 572 788 678 πρώτωΙ
818 570 1013 670 αὐξήσεις
1039 572 1267 671 δυνάμεναί
1298 608 1338 651 τε
1360 588 1432 651 καὶ
1453 586 1525 651 δυ-

351 682 615 776 ναςευόμεναι
648 696 757 780 τρεῖς
793 683 1042 767 ἆποςυίσεις,
1078 690 1287 777 τέτταρας
1323 690 1366 755 δὲ
1397 680 1525 779 ὅρους

351 794 563 879 λαβοῦσαι
581 784 838 880 ὁμοιούντων
860 816 903 859 τε
924 797 993 859 καὶ
1021 786 1337 879 ἀνομοιούντων
1357 797 1428 859 καὶ
1450 788 1526 861 αύ-

349 890 493 978 ξόντων
513 901 581 962 καὶ
602 891 865 989 φθινόντων,
885 890 1022 962 πάντα
1048 890 1295 985 προσήγορα
1317 900 1389 961 καὶ
1418 893 1525 986 ῥητὰ

348 994 454 1086 πρὸς
474 995 633 1081 ἄλληλα
654 994 879 1093 ἀπέφηναν.
921 1004 977 1065 Eut
996 999 1050 1065 hic
1074 1020 1224 1065 nnmenn
1234 1002 1358 1083 μήποτ
1373 1020 1430 1066 seu
1443 1000 1533 1066 hoeic‘

348 1102 445 1169 totino
479 1105 733 1188 computationis.
787 1108 870 1171 Eum
897 1102 1013 1170 deinde
1047 1098 1192 1188 πεμπάδι
1222 1104 1401 1188 συζυγέντα
1435 1109 1528 1193 τρὶς

350 1204 593 1289 αὐξηθέντα
607 1211 685 1275 duas
697 1211 876 1275 harmonias
890 1206 1016 1273 efficere
1028 1208 1082 1273 ait.
1112 1209 1200 1272 Hanc
1211 1227 1281 1272 esse
1295 1207 1384 1274 vocis
1397 1209 1526 1298 πρῶτος

349 1310 607 1397 significationem
617 1311 679 1378 hoc
689 1312 871 1380 Nicomachi
882 1311 1032 1379 Geraeeni
1044 1308 1346 1396 locoprohahimus:
1363 1314 1525 1400 Παρατη-

350 1418 467 1506 ρητὲον
477 1418 513 1481 δὲ
523 1412 562 1482 τὸ
570 1410 796 1506 παρεπόμενον
805 1418 887 1483 πᾶσι
900 1410 1031 1493 τούτοις
1040 1411 1225 1507 γλαφυρὸν,
1246 1404 1299 1481 ὅτι
1309 1417 1340 1480 oi
1353 1422 1414 1501 μὲν
1428 1414 1526 1501 πρῶ-

351 1543 419 1585 τοι
446 1525 517 1586 καί
544 1523 752 1607 πυθμένες
780 1510 949 1607 λεγόμενοι
970 1542 998 1585 κ.
1021 1542 1050 1586 τ.
1071 1519 1095 1586 ἑ.
1138 1520 1185 1585 cf.
1211 1518 1315 1583 locum
1341 1540 1436 1604 quem
1461 1521 1527 1585 iam

349 1630 450 1691 totum
476 1622 705 1690 exhihehimns.
749 1626 928 1713 synonyma
948 1625 1044 1709 igitur
1063 1629 1136 1687 sunt
1156 1620 1310 1688 vocabula
1337 1622 1466 1713 πρῶτος
1495 1629 1528 1687 et

349 1722 519 1813 πυθμήν.
543 1729 632 1806 Quae
653 1727 704 1793 hic
724 1734 939 1795 memorantur
959 1721 1111 1808 αὐξήσεις
1138 1722 1315 1813 δυνάμεναί
1337 1750 1370 1791 τε
1391 1730 1448 1791 καὶ
1470 1728 1528 1793 δυ-

350 1824 564 1917 ναςευόμεναι
584 1827 671 1922 τρεῖς
691 1827 887 1910 ἇποςοίσεις,
909 1832 1058 1897 videntur
1078 1850 1135 1895 eae
1157 1828 1335 1915 significare
1350 1839 1411 1895 tren
1430 1831 1528 1894 animi

348 1936 506 2018 Ιπτιιίίστεε
522 1945 715 2018 procreantes
735 1957 775 2001 ex
792 1958 829 2001 τε·
840 1946 868 2001 et
878 1937 1065 2001 moderantes
1075 1944 1137 1999 tres
1148 1938 1259 1999 τίυίαιο
1273 1936 1396 2009 eleates,
1417 1954 1527 2018 νυσςυο

351 2040 480 2121 σκοτίοιο
498 2042 656 2105 neomuto
676 2062 697 2105 σ
716 2063 748 2105 ει
768 2042 923 2105 dictamen.
967 2043 1047 2104 Nam
1068 2059 1132 2103 vox
1153 2034 1289 2120 αίίξησις
1304 2040 1472 2103 adhibetur
1487 2042 1528 2103 de

351 2142 486 2229 repetita
505 2143 775 2228 multiplicatione.
809 2138 1227 2228 ct.1ib.v11.·p.528.st
1261 2137 1388 2227 ’Ἁναγε
1403 2143 1526 2222 τοίνυν,

351 2232 447 2327 ἦνδ
464 2243 542 2331 ἐγὼ,
564 2248 609 2325 είς
629 2243 782 2315 τούπίσω·
803 2248 861 2315 νῦν
889 2243 929 2328 δὴ
950 2242 1015 2336 γὰρ
1038 2242 1098 2311 οὐκ
1118 2241 1234 2331 ὀρθῶς
1259 2241 1299 2311 τὸ
1314 2244 1391 2326 ,ἑξῆς
1412 2240 1532 2343 ἕλάβο-’

351 2373 411 2437 μεν
437 2350 476 2444 τῇ
502 2352 695 2442 γεωμετρία.
739 2353 818 2430 Πῶς
845 2346 1019 2436 λαβόντες;
1048 2350 1122 2441 ἔφη.
1164 2344 1262 2416 Μετὰ
1291 2348 1458 2428 ἐπίπεδον,
1488 2346 1530 2429 ἡν

353 2448 384 2519 δ’
398 2449 475 2540 ἐγὼ,
498 2455 532 2520 ἐν
552 2455 721 2546 περιφορᾷ
741 2450 779 2521 ὃν
800 2451 863 2536 ἤδη
885 2450 1015 2542 στερεὸν
1038 2448 1212 2539 λαβόντες,
1238 2456 1314 2541 πρὶν
1335 2446 1418 2517 αὐτὸ
1440 2447 1526 2518 καθ’

355 2551 438 2623 αὐτὸ
448 2559 571 2643 λαβεῖν·
582 2552 700 2647 ὀρθῶς
710 2560 745 2625 δὲ
756 2557 820 2645 ἔχει’
828 2557 899 2639 ἑξῆς
907 2554 991 2645 μετὰ
1001 2560 1155 2647 δευτέραν
1165 2551 1265 2637 αὔξην
1277 2554 1387 2640 τρίτην
1398 2548 1529 2643 λαμβύ·

353 2684 428 2729 νειν.
443 2660 491 2739 ἔςι
504 2663 540 2727 δέ
550 2686 615 2727 που
629 2662 727 2728 τοῦτο
742 2666 814 2749 περὶ
827 2658 886 2743 τὴν
901 2662 963 2727 τῶν
974 2656 1082 2744 κύβων
1093 2657 1193 2742 αὔξην
1203 2659 1258 2724 καὶ
1270 2655 1308 2745 τό
1321 2654 1460 2745 βάθους
1473 2684 1529 2745 με-

355 2768 456 2852 τέχον.
487 2765 536 2830 cf.
558 2764 653 2830 etiem
674 2763 729 2830 lib.
754 2768 810 2831 IX.
823 2786 855 2852 p.
870 2766 942 2832 587.
964 2772 1046 2830 extr.
1072 2767 1117 2829 St.
1151 2762 1527 2837 llisaddePhaed.71,

353 2872 389 2933 Β.
413 2871 459 2935 St.
479 2870 483 2875 ’
503 2872 551 2934 De
578 2866 806 2953 significatione
833 2872 921 2935 vocis
949 2864 1087 2954 δύναμις
1117 2864 1158 2934 el.
1182 2866 1236 2933 lih.
1253 2870 1314 2932 IX.
1338 2888 1369 2953 p.
1392 2870 1471 2942 587,
1496 2868 1530 2938 C.

355 2976 400 3038 St
422 2979 455 3038 et
475 2974 655 3039 Schneider.
680 2972 743 3039 vola
767 2975 821 3037 ΠΙ.
837 2996 871 3058 p.
887 2974 1103 3039 LXXXXVII.
1148 2970 1196 3036 Ibi
1219 2969 1393 3055 significare
1407 2969 1530 3037 videbis

353 3075 494 3142 radicem
516 3075 810 3161 nnmeri'quadrati
837 3083 891 3142 aut
918 3077 1000 3143 cubi.
1023 3078 1130 3141 'Adde
1159 3079 1318 3143 Theaetet.
1341 3097 1373 3159 p.
1396 3076 1466 3139 1128.
1488 3079 1526 3142 A.

354 3182 455 3246 Friee.
486 3178 509 3246 l.
530 3179 551 3246 Ι.
576 3201 609 3267 p.
637 3182 717 3257 382,
744 3187 830 3259 ρους
868 3182 1010 3268 inprimis
1038 3199 1136 3257 vero,
1166 3174 1252 3263 quod
1279 3183 1357 3245 haec
1383 3178 1532 3246 vocabuli

355 3282 540 3367 significatio
561 3283 624 3352 huc
643 3287 781 3350 maxime
807 3285 902 3362 lacit,
929 3284 1064 3351 Philolai
1084 3286 1188 3351 locum
1218 3303 1259 3347 ex
1285 3279 1424 3371 Stoha'eo
1445 3285 1530 3368 apud

354 3390 529 3481 ltoekhium
554 3408 586 3474 p.
617 3391 689 3453 139.
727 3388 882 3478 ’θεωρεῖν
908 3390 960 3477 δεῖ
982 3384 1024 3453 τὰ
1052 3387 1132 3476 ἔργα
1161 3390 1216 3453 καὶ
1252 3381 1312 3452 τὰν
1343 3386 1455 3453 ἐσσίαν
1485 3386 1532 3452 τῶ

356 3488 496 3581 ἀριθμῶ
521 3486 645 3557 καττὰν
673 3484 867 3577 δύναμιν,
889 3482 963 3570 &lug
985 3492 1049 3558 ἐντὶ
1071 3491 1104 3557 ἐν
1121 3490 1164 3581 τᾷ
1178 3483 1298 3556 δεκάδι·
1319 3484 1447 3576 μεγάλα
1462 3485 1530 3578 γὰρ

355 3601 411 3663 καὶ
439 3590 599 3676 παντελὴς
627 3598 682 3661 καὶ
709 3591 910 3683 παντοεργὸς
937 3599 993 3661 καὶ
1020 3594 1104 3661 θείω
1133 3598 1188 3660 καί
1217 3588 1358 3682 ούρανίω
1385 3594 1447 3678 βίω
1474 3598 1531 3659 καί

356 3695 557 3786 ἀνθρωπίνω
591 3693 678 3788 ἇρχίι
711 3703 768 3763 καὶ
792 3692 896 3785 ἁηεμί
902 3722 924 3765 ν
957 3698 1169 3767 κοινωνοῦσα.
1200 3732 1242 3747 ··-
1278 3690 1532 3779 Δυναςεύεσθαι

356 3811 406 3869 eet
430 3800 603 3883 moderari,
632 3822 754 3885 regere.
800 3805 838 3866 In
866 3802 982 3868 civium
1012 3821 1090 3869 vero
1119 3802 1271 3867 classibus
1295 3799 1435 3884 singulae
1464 3798 1533 3865 ani-

356 3906 402 3971 mi
428 3904 592 3979 facultates
623 3913 771 3991 tanquam
804 3907 1016 3973 dominantur.
1065 3910 1135 3971 Non
1163 3905 1289 3973 videtur
1320 3924 1390 3971 esse
1423 3906 1532 3969 termi-

355 4031 416 4076 nus
449 4011 607 4103 techniens
632 4010 934 4077 mathematicorum.
986 4008 1033 4081 cf.
1067 4008 1254 4075 Schneider.
1285 4009 1306 4075 l.
1335 4007 1356 4074 l.
1388 4028 1421 4095 p.
1455 4010 1529 4073 XX.

358 4115 452 4192 Quod
467 4121 651 4200 argumento
665 4122 770 4200 potest
786 4132 875 4189 ense,
896 4109 1427 4204 haeoc'cllcyoomcigaceipaleber.
1461 4113 1532 4177 Vox

357 4212 520 4295 ἆπόςασις
548 4215 703 4302 signifieat
728 4203 955 4284 intervallum
990 4216 1179 4285 Adscrihere
1209 4216 1261 4281 hio
1292 4218 1396 4302 placet
1426 4214 1532 4291 locum

354 4318 409 4407 qui
435 4340 549 4387 vocum
576 4318 675 4403 αὔξη,
710 4316 864 4409 δύναμις,
897 4315 1064 4403 ἆπὸςασις
1084 4318 1338 4409 ‘explicationem
1380 4320 1531 4386 continet.
