3334 5142
365 1275 669 1404 Reipublicae
698 1275 820 1365 liber
847 1276 1025 1404 tertius.
1083 1329 1086 1339 ,
1185 1403 1187 1408 Ι

484 1649 489 1658 “
574 1663 760 1730 sucuro
790 1666 827 1727 1.

197 1823 298 1904 'Tertii
320 1825 393 1892 libri
407 1825 503 1892 'initio
526 1833 744 1912 argumentum
768 1847 893 1903 eorum,
917 1847 998 1914 quae
1012 1823 1125 1894 in'iine
1145 1826 1290 1916 proxime

123 1929 333 2018 praecedentis
353 1929 427 1996 libri
449 1929 528 2024 diota
551 1923 663 2007 erant,
675 1929 817 1997 breviter
837 1931 942 2017 primo
963 1917 1153 2020 repetitur:⁴
1167 1929 1217 1999 Τὰ
1231 1940 1292 2019 μὲν

124 2031 158 2116 δὴ
178 2039 248 2124 περὶ
271 2031 385 2114 θεοὺς,
408 2022 449 2116 ἦν
465 2030 495 2100 d'
519 2031 590 2120 ἐγὼ,
612 2029 734 2102 τοιαῦτ’
759 2032 855 2116 ἅττα,
878 2031 921 2113 ὡς
943 2035 1054 2117 ἔοικεν,
1079 2031 1236 2114 ἆκονςὲον
1258 2061 1291 2102 τε

123 2143 172 2206 καὶ
193 2133 251 2204 οὐκ
272 2133 431 2216 οἶκονςὲον
452 2133 556 2215 εὐθύς
578 2138 611 2202 ἐκ
632 2139 757 2204 παίδων
779 2143 848 2216 τοῖς
870 2133 974 2217 θεούς
990 2163 1022 2206 τε
1037 2130 1213 2226 τιμήσουσι
1236 2145 1290 2206 καὶ

122 2243 230 2330 γονέας
256 2237 316 2323 τήν
344 2265 377 2314 τε
406 2235 554 2322 ἀλλήλων
581 2233 700 2334 ’φιλίαν
725 2238 770 2328 ’μὴ
795 2247 868 2331 περὶ
890 2245 1030 2331 σμικροῦ
1051 2247 1292 2331 ποιησομένοις.

123 2347 184 2411 Καὶ
207 2335 301 2433 οἶμαί
321 2339 361 2430 γ’,
385 2343 458 2438 ἔφη,
482 2339 598 2430 ὀρθῶς
620 2339 697 2433 ἡμῖν
720 2345 908 2436 φαίνεσθαι
918 2338 953 2426 ’)’.
987 2345 1108 2411 Deinde
1126 2345 1293 2412 traduntur

123 2447 171 2536 qui
197 2457 363 2535 praeterea
392 2443 488 2520 τύποι
516 2448 617 2534 poetis
644 2447 830 2528 observandi
854 2449 933 2526 sint,
968 2450 1093 2536 repetiti
1114 2474 1155 2517 ex
1177 2438 1293 2516 virtute

122 2557 261 2630 humana,
288 2549 376 2618 cuius
403 2560 538 2637 quatuor
554 2562 658 2638 partes
673 2557 755 2618 sunt.
781 2553 1049 2632 Cistallbaumii
1071 2554 1110 2620 ad
1132 2558 1166 2620 h.
1190 2554 1212 2620 l.
1237 2553 1294 2621 ad-

121 2657 330 2724 notationem:
358 2647 561 2743 «Expositum
584 2665 631 2722 est
651 2655 684 2721 in
706 2654 788 2722 libro
811 2653 976 2742 superiore
995 2662 1033 2724 de
1049 2658 1212 2741 custodum
1228 2639 1295 2723 ani·

120 2761 174 2827 mis
195 2763 233 2827 ad
256 2783 366 2828 veram
387 2761 536 2854 pietatem
564 2759 748 2826 formandis.
793 2760 900 2844 Pergit
930 2761 1080 2846 deinceps
1111 2755 1151 2827 de
1180 2761 1294 2827 ceteris

121 2864 284 2932 virtutibus
307 2864 464 2932 disserere
484 2873 579 2953 atque
601 2867 736 2941 docere,
761 2863 838 2949 quid
859 2863 929 2930 fieri
951 2863 1000 2930 vei
1022 2886 1086 2931 uon
1107 2864 1176 2930 fieri
1199 2885 1294 2952 opor-

122 2977 188 3044 teat,
211 2979 246 3035 ut
269 2969 427 3046 custodes,
448 2973 550 3053 sortes,
564 2972 720 3052 sapientes,
743 2978 938 3052 temperantes
952 2978 1046 3056 atque
1060 2970 1135 3034 irati
1149 2970 1291 3035 evadant.

122 3073 179 3142 Vix
201 3081 248 3139 est
271 3073 358 3159 quod
378 3092 523 3139 moneam
547 3081 682 3157 quatuor
704 3071 771 3137 illas
794 3067 922 3137 virtutis
938 3082 1062 3158 partes,
1098 3093 1175 3158 quas
1197 3063 1294 3156 uulgo

123 3176 291 3242 cardinales
320 3176 497 3263 appeliant,
530 3175 581 3241 hic
610 3197 736 3263 quoque
765 3196 784 3240 a
809 3174 1003 3262 philosopho
1032 3196 1101 3242 esse
1130 3184 1291 3242 notatas.»

124 3279 165 3348 of.
193 3288 225 3345 et
251 3275 472 3366 argumentum
499 3278 573 3345 libri
600 3269 686 3346 tertii
711 3299 744 3366 p.
776 3281 846 3344 169.
889 3278 1031 3345 Primum
1053 3280 1106 3345 hic
1127 3283 1295 3346 traduntur

122 3394 285 3471 praerepta
311 3404 393 3472 quae
418 3385 625 3468 fortitudinem
653 3390 813 3467 spectant:
850 3383 890 3449 Ti
917 3385 953 3474 dt
980 3380 1038 3465 δὴς
1067 3380 1098 3450 εἰ
1118 3387 1295 3471 μέλλουσιν

124 3479 201 3556 εἶναι
222 3485 425 3581 ἀνδρεῖοι,
449 3474 499 3579 ἆρ’
524 3483 561 3555 οὐ
584 3483 690 3555 ταῦτά
712 3509 746 3553 τε
768 3489 897 3553 λεκτέον
918 3491 973 3553 καλ
996 3478 1051 3553 οἶα
1067 3482 1186 3564 αὐτοὺς
1200 3487 1295 3567 ποιῆ-

123 3612 176 3658 σαι
197 3583 296 3674 {terga
318 3588 376 3658 τὸν
396 3586 551 3658 θάνατον
573 3593 731 3673 deditarum
753 3613 783 3657 κ.
804 3614 832 3658 τ.
855 3591 878 3657 ἕ.
921 3592 1008 3658 Haec
1029 3588 1191 3679 excipiunt
1204 3609 1295 3674 prae-

124 3703 211 3800 repta
230 3717 313 3784 quae
336 3690 500 3776 ἀληθείας
521 3694 648 3761 nomine
671 3697 1000 3779 comprehenduntur:
1019 3690 1131 3761 Ἀλλὰ
1152 3690 1216 3781 μὴν
1239 3697 1295 3760 καὶ

189 3921 474 4028 *theramenem
500 3962 595 4016 rutrum
619 3975 693 4020 esre,
722 3961 795 4038 qood
820 3961 1077 4033 Schtetmmaehema
1101 3961 1199 4014 introd·
1217 3975 1245 4026 p.
1264 3959 1293 4019 5,

126 4054 204 4118 dixit,
232 4057 464 4130 exeeptonprimo,
491 4061 600 4118 quarto,
626 4056 755 4116 septimo,
782 4065 854 4104 nono
872 4052 957 4112 libro,
984 4055 1011 4104 tn
1036 4053 1144 4116 rettquts
1168 4050 1292 4103 omnibus

125 4141 195 4226 tibris
215 4149 343 4198 sermonis
362 4145 435 4196 titum
454 4146 489 4196 ita
508 4147 534 4195 tn
553 4143 639 4196 media
659 4143 840 4214 disputatione
859 4146 934 4205 quart
952 4141 1086 4204 abrumpi,
1109 4147 1139 4190 αι
1158 4153 1191 4192 ne
1211 4141 1295 4204 pauca
1391 4179 1395 4184 -

128 4235 232 4297 quidem
251 4235 447 4306 rerbavnddere
466 4234 580 4302 voluerit
597 4240 699 4298 auctor,
720 4245 774 4296 quo
792 4233 872 4283 finem
890 4237 917 4283 et
935 4232 1039 4282 initium
1059 4231 1199 4284 indicaret.
1227 4231 1294 4286 Nam
1393 4232 1398 4240 '

123 4330 186 4377 'eum
205 4306 232 4378 tn
251 4325 331 4380 finem
349 4326 415 4379 haec
433 4323 523 4378 addita
542 4329 613 4388 runt,
633 4337 702 4390 quae
716 4318 795 4377 aliter
812 4323 920 4375 omnino
938 4321 1087 4374 necessaria
1104 4319 1159 4374 non
1178 4326 1288 4374 errent«
