3334 5142
828 410 1059 481 -siow

350 574 640 663 130quoiooouuri
652 573 839 661 argentique
855 596 949 641 usum
969 572 1121 645 militibus
1135 573 1309 653 interdioit,
1332 577 1451 645 addens
1470 578 1530 645 καὶ

354 669 440 747 οίίτω
451 684 513 764 μὲν
527 673 671 761 σιίζοινί
687 674 729 745 ίίν
742 684 797 745 καὶ
811 673 945 761 σώζοιεν
955 676 1016 764 τὴν
1026 674 1133 747 πόλιν
1155 674 1255 747 ὁπότε
1269 676 1405 747 δἀὐτοὶ
1418 680 1482 766 γῆν
1496 704 1532 746 τε

352 779 439 855 ἰδίαν
459 786 514 851 καί
537 778 643 862 οἰιιίας
664 787 720 867 καὶ
747 783 936 871 νομίσματα
965 777 1161 869 κτήσονται,
1193 778 1363 872 οἰκονόμοι
1385 791 1446 871 μὲν
1472 788 1532 851 καὶ

350 890 486 977 γεωργοὶ
507 881 580 954 ἄντί
595 881 754 977 φυλάκων
764 886 914 968 ἔσονται,
938 882 1096 955 δεσπόται
1108 888 1259 977 δ’ἐχδρσὶ
1271 881 1343 955 ἀντὶ
1354 880 1531 976 ξυμμάχων

349 990 414 1058 τῶν
434 984 543 1057 ἄλλων
563 991 705 1057 πολιτῶν
725 985 939 1078 γενήσονται,
959 990 1131 1079 μιᾳοῦντες
1153 993 1189 1057 δὲ
1207 987 1251 1078 δὴ
1268 996 1323 1059 καὶ
1333 986 1542 1079 μισούμενοι

350 1098 406 1162 καί
419 1087 683 1180 ἐπιβουλεύοντες
703 1099 759 1161 καὶ
773 1088 1059 1181 ἐπιβουλευόμενοι
1078 1086 1227 1177 διόξσυσι
1243 1090 1352 1163 πάντα
1367 1090 1426 1161 τὸν
1442 1095 1532 1181 βίον,

349 1192 435 1271 πολὺ
455 1198 553 1265 πλείω
574 1201 629 1264 καλ
650 1198 777 1285 μᾶλλον
799 1193 941 1277 δεδιότες
962 1194 1041 1275 τοὺς
1061 1198 1169 1280 ἔνδον,
1189 1194 1212 1286 ἢ
1233 1196 1311 1277 τοὺς
1324 1198 1449 1282 ἔξωθεν
1468 1222 1533 1265 πο-

352 1300 502 1389 λεμίους,
529 1303 709 1380 θέοντες
730 1297 804 1384 ἤδη
831 1297 926 1369 τότε
955 1297 1162 1388 ἐγγύτατα
1192 1297 1377 1393 ὀλέθρου
1407 1297 1532 1370 αὐτοί

352 1429 394 1473 τε
415 1409 486 1473 καὶ
506 1399 528 1487 ἡ
550 1400 655 1486 όλλη
679 1400 811 1484 πόλις.
852 1408 922 1473 Ηυο
948 1405 1044 1473 stium
1068 1405 1182 1473 referri
1204 1405 1320 1477 debent
1341 1426 1421 1495 quse
1442 1406 1530 1473 libro

350 1510 405 1576 Ν.
426 1532 462 1595 p.
485 1511 561 1577 iit.
587 1516 726 1576 exstent:
757 1505 846 1577 ἀλλὰ
866 1511 930 1576 τῶν
949 1516 1010 1598 μὲν
1030 1507 1139 1579 σίλλων
1161 1505 1302 1578 ἕλιίττωυ
1329 1506 1436 1596 λόγος·
1458 1535 1533 1579 νευ-

351 1607 521 1707 ρορῥιίφοι
547 1608 612 1703 γὰρ
636 1614 762 1706 φαῦλοι
788 1607 955 1701 γενόμενοι
975 1617 1032 1685 καὶ
1064 1615 1314 1707 διαφθαρεντες
1341 1618 1397 1683 καί
1425 1636 1532 1733 προσ-

350 1711 569 1805 ποιησάμενοι
589 1705 674 1784 εἶναι
693 1713 755 1803 μὴ
762 1712 854 1796 ὄντες
867 1712 961 1785 πόλει
973 1710 1196 1787 οὐδὲνδεινόν·
1210 1712 1356 1811 φύλακες
1370 1720 1405 1787 δὲ
1419 1712 1533 1803 νόμων

354 1843 389 1888 τε
406 1824 462 1887 καλ
474 1814 657 1899 πόλεως
616 1847 663 1907 μη
676 1816 782 1901 όντες,
803 1816 890 1888 ἀλλὰ
908 1815 1134 1902 δοκοῦντες,
1118 1845 1219 1911 ορας
1240 1818 1288 1903 δη
1310 1812 1375 1889 ότι
1396 1822 1533 1889 πᾶσαν

352 1919 485 2013 ἄρδην
504 1920 630 1992 πόλιν
650 1919 890 1993 απολλόασι
911 1949 940 1992 κ.
956 1940 984 1993 τ.
1003 1925 1029 1991 ἑ.
1044 1927 1107 1991 et
1097 1948 1131 1993 su
1152 1924 1213 1991 tius
1234 1926 1384 2053 uaginae,
1406 1916 1531 2016 Ἕτερα

352 2021 456 2114 δὴ,
433 2054 477 2106 ως
498 2025 597 2108 ἔοικε,
621 2032 692 2107 τοῖς
713 2018 855 2121 φόλαξιν
882 2022 1079 2119 ευρήκαμεν,
1108 2056 1132 2095 α
1152 2032 1250 2097 παντὶ
1279 2024 1390 2146 τρόπῳ
1420 2032 1531 2123 φυλα-

350 2133 445 2199 κτέον
458 2120 547 2210 ὅπως
559 2126 687 2219 μήποτε
699 2128 822 2210 αὐτους
842 2127 988 2219 λήσειἾ
948 2157 1004 2210 εις
1017 2128 1077 2218 τὴν
1091 2127 1188 2201 πόλιν
1201 2127 1408 2252 παραδόντα.
1433 2136 1529 2202 Ποῖα

353 2234 478 2318 ταῦτας
498 2230 653 2313 Πλουτός
667 2260 711 2316 τε,
733 2222 855 2317 ἦνδ”
839 2232 916 2321 εγὼ,
929 2240 991 2303 καὶ
1005 2236 1109 2303 πενία·
1132 2230 1182 2315 ὡς
1196 2238 1328 2323 τοῦμὲ
1336 2232 1528 2329 ντρυφὴν

353 2363 395 2406 τε
422 2332 542 2407 καὶ
522 2337 673 2430 αργίαν
699 2344 767 2405 καλ
799 2337 1074 2432 νεωτερισμὸν
1108 2340 1349 2420 ποιοῦντος,
1381 2341 1450 2407 τοῦ
1486 2342 1530 2407 δὲ

353 2438 662 2532 ἀνελευθερίαν
683 2447 754 2509 καὶ
773 2443 1038 2531 κακοεργίαν,
1054 2440 1156 2535 πρὸς
1176 2443 1229 2537 τῷ
1258 2445 1530 2536 νεωτερισμῷ.

340 2636 343 2639 Α
437 2548 476 2613 Iu
496 2548 628 2614 eundem
652 2549 838 2613 seutentiam
864 2546 997 2635 scriptus
1031 2554 1080 2615 est
1102 2550 1154 2614 hie
1182 2545 1383 2635 Reipublicae
1418 2548 1528 2615 locust

347 2644 437 2719 Ἀλλ’
468 2640 551 2717 ὅταν
576 2674 630 2736 ys,
658 2639 768 2737 οἶμαι,
798 2648 999 2741 δημιουργός
1020 2648 1064 2720 siis
1083 2648 1108 2737 ἦ
1127 2676 1178 2731 τις
1203 2648 1303 2731 όίλλος
1320 2648 1532 2741 χρηματιςὴς

354 2747 471 2844 φύσει,
493 2751 605 2823 ἔπειτα
627 2748 840 2875 ἐπαιρόμενος
861 2751 881 2836 ἢ
901 2749 1032 2847 πλούτῳ
1048 2750 1075 2841 ἢ
1096 2750 1223 2840 πλήθει
1243 2751 1266 2840 ἢ
1288 2750 1417 2843 ἰσχόϊῆ
1439 2750 1529 2847 aitte

354 2882 400 2950 τῳ
413 2850 556 2950 τοιοείτω
567 2852 613 2937 εἰς
626 2853 664 2923 τό
679 2875 737 2933 του
723 2848 931 2945 πολεμικοί
946 2849 1061 2937 εἶδος
1046 2858 1187 2953 επιχειρῇ
1197 2854 1299 2937 ἰέναι,
1320 2854 1342 2945 ᾗ
1358 2860 1423 2927 τῶν
1433 2862 1530 2927 πολε-

353 2961 457 3050 μιιιῶν
477 2986 528 3039 τις
549 2956 596 3041 είς
615 2957 656 3033 τό
677 2986 735 3029 του
720 2962 970 3046 βουλευτικοῦ
991 2967 1046 3029 καὶ
1068 2958 1217 3089 φόλακρς
1238 2957 1416 3043 σἰνόξιος”
1392 2985 1452 3043 ων,
1474 2968 1531 3031 καὶ

357 3060 399 3132 τὰ
420 3052 626 3150 ἀλλήλων
586 3088 679 3132 ουτοι
693 3060 822 3154 ὄργανα
836 3060 1116 3153 μεταλαμβάνωσι
1137 3070 1192 3133 καὶ
1205 3062 1265 3145 τόις
1278 3062 1392 3153 τιμὰς,
1411 3062 1435 3151 ἢ
1449 3058 1532 3135 όταν

355 3163 506 3247 όαύτὸς
509 3163 620 3237 πάντα
634 3170 740 3237 ταῦτα
752 3160 823 3256 όίμα
841 3172 983 3266 ἐπιχειρῇ
996 3165 1168 3260 πράττειν,
1188 3163 1262 3238 τότε
1284 3160 1378 3257 οἶμαι
1399 3175 1455 3237 καὶ
1476 3176 1531 3239 σοὶ

356 3275 464 3342 δοκεῖν
483 3268 638 3355 ταύτην
658 3269 734 3360 τὴν
753 3268 909 3342 τούτων
929 3270 1164 3362 μεταβολὴν
1192 3279 1260 3341 καὶ
1287 3276 1531 3395 πολυπραγ-

354 3369 542 3465 μοσιίνην
569 3372 760 3468 όλεδρον
787 3367 897 3445 εἶναι
919 3378 964 3473 τῇ
988 3372 1119 3451 πόλει.
1148 3372 1353 3447 Παντάπασι
1379 3384 1440 3517 μὲν
1462 3364 1534 3447 σόν.

357 3478 868 3568 csesolliodvmptstin.
894 3484 1019 3549 δι’

439 3588 506 3651 ism
526 3586 685 3653 videosr
675 3607 710 3653 su
728 3582 887 3654 anuum
901 3589 1061 3653 vocandus
1084 3606 1153 3655 esse
1178 3585 1360 3679 presulatus
1381 3585 1435 3651 ilio
1456 3587 1532 3654 Rei·

355 3686 502 3776 publicae
526 3688 632 3767 locus,
662 3710 727 3775 quo
753 3697 818 3756 tem
851 3690 1018 3777 perspicue
1046 3684 1192 3777 cisreque
1220 3694 1259 3757 de
1279 3687 1531 3774 rerumpublioa·

353 3814 426 3864 mm
447 3795 686 3861 conservatione
710 3800 742 3861 et
768 3795 914 3874 interitu,
953 3814 994 3861 ex
1022 3792 1157 3863 musices
1194 3794 1327 3862 diversis
1358 3792 1531 3879 generibus

341 3892 544 3982 'repetendo
569 3894 721 3968 disseruit
751 3898 857 3974 Plato,
886 3904 922 3963 ut
950 3906 1038 3965 reete
1070 3918 1109 3965 eo
1142 3897 1189 3965 uti
1220 3918 1314 3986 posse
1345 3898 1529 3973 videamur,

355 4000 458 4093 sicubi
476 4000 517 4069 do
536 4000 646 4068 eudem
671 4023 707 4067 re
721 3998 887 4069 obscurius
905 3999 1032 4069 dixerit.
1075 4003 1184 4069 Tradit
1202 4010 1323 4069 autem:
1348 3999 1532 4088 Rempubli·

355 4111 425 4173 c'sm
449 4126 542 4192 quus-
557 4104 655 4172 semel
679 4109 760 4171 boue
784 4125 911 4173 currere
927 4107 1085 4194 coeperit,
1108 4126 1244 4194 pergere
1262 4107 1531 4191 quemadmodum

356 4206 451 4276 orbes
472 4210 609 4288 soieeut,
632 4198 691 4295 'qui
718 4230 843 4298 semper
868 4212 1003 4276 maiores
1031 4208 1118 4277 fiant.
1161 4214 1248 4281 'Nam
1274 4207 1391 4277 bonum
1416 4212 1532 4277 eduea-

355 4316 475 4383 tiouem
498 4307 584 4383 boue
598 4313 732 4399 *ingenis
756 4312 900 4393 efficere,
923 4317 1016 4382 bouis
1037 4333 1116 4383 vero
1137 4312 1271 4401 ingeniis
1293 4315 1477 4399 praeditos,
1502 4314 1530 4379 si
