3334 5142
630 474 672 487 -
714 440 777 503 333
818 472 861 487 ·-

157 606 229 690 τρίς
255 595 429 683 αύξηδείς.
472 593 522 663 ob
547 592 680 662 eandam
707 615 834 661 causam
856 595 887 661 in
909 596 1037 659 Timaeo
1059 612 1092 678 p.
1116 595 1174 667 ³5,
1197 594 1233 656 Β.
1257 591 1335 678 μίαν

157 700 272 795 ἀφεῖλε
293 700 332 769 τὸ
352 702 483 788 πρῶτον
503 695 580 767 άπὸ.
601 694 725 776 παντὸς
745 700 881 783 μοῖραν,
903 694 988 784 μετά
1011 698 1046 763 δὲ
1071 690 1193 777 ταύτην
1214 688 1335 787 άφῄρει

158 806 335 875 διπλασίαν
356 799 495 885 ταύτης,
523 799 584 887 την
612 797 644 869 δ’
681 800 724 867 ad
753 800 864 890 τρίτην
891 796 1047 885 ἡμιολίαν
1067 804 1127 885 μέν
1149 800 1208 883 τῆς
1230 800 1335 863 δευτέ-

158 936 231 1000 ρας,
262 908 461 1000 τριπλασίαν
492 908 528 973 δέ
562 906 621 990 τῆς
651 898 798 995 πρώτης,
830 896 989 991 τετάρτην
1023 903 1058 967 δὲ
1091 902 1150 984 τῆς
1183 903 1336 987 δευτέρας

159 1012 291 1093 διπλέν,
312 1014 460 1097 πέμπτην
481 1011 517 1075 δὲ
538 1007 675 1093 τριπλῆν
697 1006 755 1087 τῆς
776 1005 905 1094 τρίτης,
927 1000 987 1085 τὴν
1008 998 1039 1069 δ’
1057 1005 1149 1084 ἕκτην
1172 1004 1230 1084 τῆς
1249 998 1335 1093 πρώ-

114 1160 119 1169 ,
159 1141 217 1197 της
231 1110 473 1192 ὀκταπλασίαν,
495 1106 637 1196 ἑβδόμην
658 1113 694 1176 δὲ
715 1103 1104 1175 ἑπτακαιεικοσιπλασίαν
1125 1106 1183 1187 τῆς
1197 1101 1336 1193 πρώτης.

159 1217 278 1301 duplex
299 1220 399 1281 cubus
424 1217 595 1298 reperitur.
640 1216 719 1278 Nam
745 1215 805 1276 has
831 1218 937 1296 partes
964 1208 1072 1275 cubica
1093 1208 1255 1274 ordinatae
1277 1214 1334 1275 hos

159 1340 308 1387 numeros
337 1317 494 1383 efficiunt:
525 1321 562 1396 2;
590 1320 622 1384 3.
643 1320 681 1395 23
705 1318 737 1380 2.
761 1318 791 1381 3.
814 1319 845 1381 2.
875 1350 915 1361 -
944 1314 979 1389 3;
1003 1317 1034 1377 3.
1058 1316 1099 1388 3;
1121 1316 1151 1377 3.
1176 1316 1207 1376 3.
1232 1316 1263 1375 3.
1294 1348 1335 1361 -·-

159 1425 218 1488 flis
248 1420 328 1489 adds
355 1425 384 1486 1.
412 1425 460 1486 Ad
492 1440 587 1505 quam
616 1417 721 1485 locum
752 1419 875 1483 Biickh:
909 1416 968 1481 Eiu
996 1437 1031 1481 so
1062 1436 1186 1501 grossas
1214 1418 1337 1503 system

161 1547 228 1590 war
247 1523 301 1590 bai
323 1529 385 1590 den
407 1523 563 1588 Griaahan
584 1521 618 1586 in
639 1522 753 1586 λείπει·
776 1523 844 1585 zeit
865 1517 1102 1605 gebrauchlicu
1133 1522 1270 1584 sondern
1298 1519 1337 1583 ist

129 1649 135 1661 ·
160 1626 359 1694 αἰπολίοισι
380 1626 596 1713 speculatiou,
626 1623 691 1690 und
721 1623 805 1689 ohne
836 1622 965 1689 Zweifei
993 1625 1034 1687 isi
1055 1643 1126 1687 man
1149 1622 1198 1686 bis
1219 1644 1258 1687 zu
1279 1622 1337 1686 der

160 1733 277 1796 dritten
299 1733 413 1796 Potens
435 1728 492 1794 der
514 1736 622 1793 ersten
644 1731 762 1811 graden
783 1729 850 1791 und
874 1729 1036 1810 ungradeu
1063 1725 1137 1791 Zahl
1157 1728 1337 1810 fortgegan-

162 1854 240 1917 gen,
263 1832 336 1899 weil
356 1833 408 1897 diu
429 1831 519 1897 Saule
537 1829 571 1918 ja
592 1828 743 1896 abaufalis
772 1828 820 1893 bis
848 1830 880 1893 iu
910 1830 962 1894 die
991 1834 1114 1913 Kdrper
1145 1828 1334 1911 vordriugen

161 1958 256 2002 muss.
284 1944 325 1999 ct.
347 1934 392 1999 ef.
416 1933 547 2001 Studien
573 1957 606 1998 v.
635 1935 726 1996 nauh
755 1931 819 1996 und
852 1933 989 1997 Creuzsr
1017 1936 1052 1995 T.
1083 1935 1137 2000 lli.
1159 1952 1190 2018 p.
1216 1935 1267 2001 76.
1291 1930 1337 1999 Cf.

161 2058 261 2121 porro
281 2038 386 2122 legum
413 2037 530 2103 librum
559 2037 715 2102 decimum
737 2056 770 2121 p.
794 2037 873 2110 833,
903 2038 945 2101 St.
976 2034 1120 2119 γίγνεται
1146 2030 1186 2115 δὴ
1208 2028 1338 2100 πάντων

160 2145 300 2227 γένεσις,
321 2136 401 2225 ἡνίκ’
425 2136 467 2206 dv
487 2141 518 2205 τί
539 2134 658 2216 πάθος
677 2126 717 2232 ᾖς
739 2139 841 2218 δῆλον
862 2132 904 2214 ὡς
926 2132 1052 2203 ὁπόταν
1081 2132 1164 2226 ἇρχὴ
1186 2138 1338 2221 λαβοῦσα

162 2240 263 2325 αύξην
283 2240 329 2321 εἰς
344 2238 403 2324 τη“ν
424 2245 580 2332 δευτέραν
601 2241 689 2335 ἔλθη
710 2235 897 2327 μετάβασιν
919 2245 975 2306 καὶ
995 2236 1064 2307 άπὸ
1078 2236 1199 2321 ταύτης
1214 2236 1260 2318 εἰς
1281 2238 1340 2321 τὴν

162 2344 315 2425 πλησίον,
337 2350 394 2411 καὶ
414 2348 519 2432 μέχρι
531 2345 629 2430 τριῶν
649 2344 803 2410 ἐλθοῦσα
825 2344 991 2424 αἴσθησιν
1012 2343 1072 2437 σχῇ
1087 2346 1156 2420 τοῖς
1171 2345 1340 2410 αἰσθανο-

164 2451 285 2532 μένοις.
330 2446 387 2512 His
408 2448 542 2511 addatur
554 2446 738 2512 Aristoteles
753 2449 792 2510 ds
808 2449 905 2513 anim.
930 2449 960 2522 Ι,
983 2451 1014 2522 2,
1037 2466 1068 2532 p.
1087 2448 1157 2520 ἱιθλ,
1170 2445 1202 2511 h.
1221 2441 1341 2533 ὁμοίως

162 2552 199 2616 δέ
218 2555 275 2616 καί
296 2550 329 2615 ἐν
350 2553 512 2639 τοῖςπερὶ
534 2550 742 2640 φιλοσοφίας
763 2552 953 2635 λεγομένοις
974 2551 1156 2635 διωρίσθη,
1179 2544 1261 2615 αύτό
1281 2557 1342 2636 μέν

163 2649 202 2719 τὸ
222 2653 305 2733 ζῶον
326 2652 359 2732 ἐξ
386 2646 489 2733 αὐτῆς
517 2651 577 2732 τῆς
604 2652 665 2718 τοῦ
693 2648 765 2729 ἑνὸς
794 2648 885 2728 ἰδέας
907 2656 962 2717 καί
984 2652 1044 2719 τοῦ
1065 2648 1196 2742 πρώτου
1217 2648 1342 2738 μήκους

164 2759 221 2821 καὶ
241 2749 389 2832 πλάτους
409 2760 465 2820 καὶ
487 2749 634 2839 βάθους.
677 2756 715 2819 Ua
735 2774 794 2819 nos
816 2757 923 2820 locum
939 2754 1023 2841 cepit
1037 2755 1227 2822 Aristoteles.
1262 2758 1341 2821 Nam

163 2856 269 2923 verbis
290 2861 411 2943 λέγων,
435 2848 517 2923 ὅταν
538 2852 557 2922 ὁ
581 2858 640 2923 τοῦ
662 2852 917 2944 διαγράμματος
937 2853 1089 2946 ἀριθμὸς
1112 2854 1233 2925 τούτου
1250 2862 1342 2944 γένη-

166 2984 224 3027 ται
245 2957 391 3048 στερεὸς,
412 2979 493 3045 quaa
515 2957 620 3025 verbis
644 2965 713 3049 τρὶς
734 2955 896 3041 αὐξηθεὶς
918 2960 1129 3047 respondent,
1157 2965 1236 3026 haec
1258 2960 1344 3026 addit

146 3063 382 3149 ‚explicationis
403 3084 516 3128 causa:
549 3058 593 3140 ὡς
615 3063 674 3143 τῆς
695 3058 823 3153 φύσεώς
845 3088 923 3131 ποτε
945 3059 1096 3153 φυούσης
1117 3060 1267 3155 φαύλους
1288 3070 1344 3131 καὶ

163 3166 329 3252 κρείττους
360 3166 419 3247 τῆς
448 3165 610 3243 παιδείας.
642 3167 741 3233 τοῦτο
773 3174 833 3254 μέν
862 3153 920 3233 σύν
953 3160 1035 3233 αὐτὸ
1068 3170 1169 3252 λέγων
1198 3168 1275 3244 ἴσως
1302 3163 1341 3233 οὐ

164 3270 278 3345 κακῶς·
306 3270 467 3355 ἐνδέχεται
496 3266 562 3358 γάρ
592 3259 674 3335 εἶναι’
696 3293 806 3351 τινας,
836 3263 894 3346 οὓς
923 3271 1150 3349 παιδευθῆναι
1176 3274 1231 3336 καί
1258 3272 1343 3354 γενέ·
1461 3278 1467 3291 ’

164 3374 254 3437 σθαι
283 3371 483 3448 σπουδαίους
510 3367 637 3460 ἄνδρας
664 3367 840 3439 ἀδύνατον.
884 3372 942 3437 His
963 3372 1029 3437 axit
1055 3373 1177 3438 numeri
1200 3394 1237 3439 ea
1269 3392 1342 3457 pars

165 3494 247 3557 quaa
267 3492 376 3538 causas
395 3473 540 3540 interitus
562 3474 724 3540 civitatum
738 3478 895 3550 eontinet,
919 3479 1004 3562 quod
1020 3486 1128 3562 aperte
1144 3480 1237 3542 docet
1254 3480 1342 3541 locus

167 3574 357 3645 Aristotelis.

249 3682 327 3742 Eam
356 3698 437 3765 quaa
468 3682 611 3765 sequimi
637 3684 760 3745 numeri
787 3690 910 3764 partam
938 3684 1102 3747 continere
1128 3680 1341 3747 definitionem

164 3782 318 3863 temporis
338 3781 515 3847 Aristotelis
534 3781 634 3849 verba
655 3783 806 3867 probant:
831 3786 902 3850 Καὶ
924 3780 980 3851 διά
1002 3808 1036 3851 τε
1059 3786 1117 3851 τοῦ
1143 3780 1282 3872 χρόνον,
1311 3780 1346 3849 δί

166 3877 205 3949 ὃν
229 3886 315 3969 λέγει
340 3879 451 3951 πάντα
483 3881 716 3971 μεταβάλλειν,
746 3911 775 3953 κ.
805 3911 834 3951 τ.
863 3888 886 3954 ί.
936 3892 984 3952 Da
1013 3888 1240 3953 vocabulorum
1275 3889 1346 3963 ἴσος

166 3980 275 4064 ἰσάκις
303 3993 335 4051 ελ
361 3982 534 4076 προμήκης
561 3988 645 4072 apud
678 3989 914 4056 mathematicos
947 3988 1176 4075 significatione
1208 3989 1246 4054 cf.
1268 3988 1344 4053 Plat.

166 4086 293 4157 Theast.
312 4112 345 4172 p.
369 4092 448 4167 147,
471 4095 509 4155 Ε.
534 4112 616 4177 sqq„
638 4092 748 4158 Theoi.
775 4095 797 4155 l.
823 4091 844 4156 Ι.
881 4092 938 4157 Illa
962 4097 1001 4157 da
1024 4097 1192 4180 quadratu,
1223 4096 1282 4157 hoe
1305 4095 1347 4157 de

166 4188 303 4274 oblongo
324 4212 459 4259 namuro
479 4204 659 4277 usurpatur.
703 4197 793 4272 Quae
815 4197 857 4259 sit
877 4197 991 4259 hurum
1011 4196 1240 4261 vocabulorum
1263 4198 1345 4281 apud

167 4295 402 4379 Pythagoraaos
426 4294 611 4381 significatio
633 4295 873 4365 doceutTheoi.
890 4296 910 4361 l.
928 4297 948 4362 Ι.
973 4298 1023 4364 Εἴ
1037 4322 1087 4377 τις
1111 4300 1219 4366 τοίνυν
1241 4295 1345 4387 ἀριδ-
