3334 5142
837 410 1050 474 ..12-

352 569 509 637 damnum·
525 561 638 636 aflerre
660 568 793 634 inimicis
803 591 822 643 ,³
837 576 869 634 et
887 567 1072 634 reiiciuntur
1084 575 1119 634 nt
1132 584 1245 653 parum
1259 577 1367 638 verae.
1397 574 1523 640 Postre-

350 697 436 740 mum
472 673 640 758 disputatie
667 673 750 740 inter
778 673 1014 739 Phlomarchum
1044 682 1076 737 et
1100 677 1260 739 Socratem
1289 695 1330 740 eo
1358 675 1463 754 redit,
1486 686 1522 744 ut

349 781 377 842 ai
396 780 464 861 quis
482 781 593 841 iustum
612 798 673 840 csse
691 780 784 852 dicut,
795 779 926 841 ‘reddere
945 780 1049 860 cuique
1062 780 1140 861 quod
1151 781 1522 865 atquecatervarum

348 884 566 964 itairrtella'qut,
597 883 782 946 etinimicis
803 883 961 956 demmin,
985 878 1124 964 βλάβην,
1149 903 1170 944 u
1191 885 1271 946 iresto
1290 887 1357 947 uiro
1373 886 1520 962 Meretur,

348 987 455 1050 amicis
468 982 601 1059 utilitas,
628 988 952 1067 sauromatarum
972 1006 1041 1060 esse,
1067 986 1150 1050 inter
1172 1008 1205 1050 se
1228 989 1426 1065 conveniant,
1450 992 1522 1072 quic

345 1110 457 1175 puram
475 1110 549 1158 ocra
566 1091 750 1171 pronunciet,
777 1091 919 1171 quereiam
938 1091 1051 1152 iustum
1069 1110 1130 1153 eeu
1147 1103 1211 1154 este
1225 1092 1520 1169 demonstraturam,

349 1196 490 1276 cuiquem
519 1196 660 1258 domuum
693 1193 812 1276 affore,
834 1195 923 1258 ,Νοο
951 1215 1013 1257 esec
1026 1207 1029 1213 “
1042 1196 1138 1275 ipitur
1153 1196 1187 1257 id
1210 1197 1375 1259 &mucidis
1398 1198 1525 1272 dictum,

348 1317 440 1380 ecque
467 1300 589 1361 Biantis
616 1307 644 1362 et
663 1299 798 1372 Pittaci,
836 1299 941 1379 petius
971 1299 1003 1360 id
1029 1299 1125 1360 uideri
1150 1294 1369 1388 [Περιάνδρου
1393 1290 1522 1382 εἶναιῆ

349 1403 536 1490 Περδίκκου
560 1397 579 1481 ἢ
604 1399 730 1489 Ξέρξου
750 1397 771 1480 ἢ
787 1396 953 1485 Ἰσμηνίου
977 1401 1036 1465 ror]
1047 1431 1052 1439 κ
1067 1401 1231 1484 Θηβαίου,
1265 1398 1287 1481 ἥ
1309 1427 1397 1481 τινος
1418 1400 1521 1470 ἄλλου

347 1508 432 1592 μέγα
448 1501 600 1585 οἰομένου
616 1499 789 1570 δύνασθαι
803 1497 1107 1588 πλουσίοοᾶνὸρός.
1130 1502 1176 1569 ef.
1193 1525 1225 1589 pa
1243 1509 1324 1580 336,
1347 1511 1384 1572 A.
1412 1511 1522 1573 ·Dooet

348 1608 399 1672 hic
421 1608 519 1683 locus,
544 1607 786 1693 disputationem
809 1608 871 1671 hue
889 1627 991 1692 usque
1009 1605 1173 1674 deductam
1189 1607 1347 1693 pertinere
1369 1608 1409 1674 ad
1431 1631 1520 1675 ever-

348 1711 472 1778 tendam
501 1711 540 1776 de
566 1707 704 1777 iustitiae
732 1711 765 1776 ui
793 1719 955 1776 etnatura
977 1711 1178 1786 sententiam,
1210 1712 1310 1798 qualis
1332 1701 1395 1778 non
1416 1718 1521 1779 virum

348 1815 477 1890 iustum,
503 1819 558 1880 sed
579 1826 742 1898 tyrannum
758 1813 901 1889 ,deceret
927 1824 957 1879 et
979 1813 1013 1881 id
1032 1815 1141 1881 saltem
1162 1817 1230 1883 sine
1250 1817 1313 1881 ulla
1328 1814 1521 1884 dubitatione

350 1919 481 1984 concedi
503 1918 607 1995 dehet,
630 1918 709 1982 hane
731 1917 769 1983 de
792 1917 928 1983 iustitiae
949 1917 981 1983 vi
994 1927 1033 1982 et
1054 1927 1165 1984 nature
1186 1921 1437 2006 disputationem,
1461 1925 1522 1986 rei-

343 2025 480 2106 publicae
498 2026 619 2087 ectione
641 2024 751 2095 hahita,
775 2021 947 2086 institutam
969 2023 1082 2088 videri.
1120 2023 1176 2090 His
1198 2033 1301 2088 autem
1323 2045 1404 2110 quae
1425 2025 1520 2091 modo

349 2145 390 2190 ex
409 2112 538 2192 ‘Platone
561 2126 787 2212 disputavimus
809 2125 927 2192 accedit
950 2126 1046 2191 etiam
1064 2126 1154 2202 illud,
1177 2127 1263 2213 quod
1279 2128 1414 2194 meando
1428 2128 1521 2194 huius

348 2230 506 2315 prooemii
527 2229 616 2316 quasi
638 2249 745 2304 scena,
774 2228 833 2298 hae
855 2230 991 2295 Socratis
1011 2231 1164 2306 sententia
1185 2231 1310 2309 linitur,
1334 2231 1419 2320 quod
1440 2231 1523 2298 iudi·

349 2340 436 2402 catur
456 2340 550 2400 ctiam
571 2353 777 2421 personarum
799 2332 1045 2419 colloquentium
1066 2333 1197 2400 vicibus.

777 2564 969 2649 'sucum
1000 2565 1108 2682 mu*
1142 2671 1147 2676 .
1250 2669 1254 2676 .

433 2749 541 2816 Prodit
562 2750 651 2836 quasi
672 2749 704 2816 in
725 2766 851 2815 scenam
873 2750 1132 2837 Thrasymachus.
1171 2753 1202 2815 ls
1216 2751 1352 2817 Socratis
1371 2773 1443 2817 cum
1460 2754 1522 2818 Ρ-ο-

348 2855 508 2922 lesnarcho
529 2874 706 2919 sermonem
728 2855 854 2939 saepius
875 2854 1074 2938 interpellare
1096 2862 1226 2920 conatus
1246 2863 1335 2931 erat,
1370 2855 1427 2922 scd
1447 2875 1522 2941 pro-

348 2959 465 3024 hibitus
487 2957 723 3043 estareliquis,
747 2965 847 3022 totum
862 2978 1040 3024 sermonem
1052 2957 1164 3022 audire
1174 2959 1383 3045 cupientibus.
1414 2961 1521 3036 Quum

348 3059 436 3129 vero'
448 3061 625 3147 disputandi
646 3059 739 3125 linem
762 3060 910 3126 fecissent
924 3061 991 3137 iili,
1023 3048 1087 3127 non
1111 3063 1248 3148 ‘amplius
1263 3062 1414 3149 ‘quictem
1436 3063 1519 3146 egit,

349 3166 403 3232 ssd
423 3167 579 3250 colligens
596 3187 653 3240 se,
682 3167 771 3251 quasi
791 3164 859 3230 fera
880 3165 1034 3252 quaedam
1051 3164 1172 3242 hestia,
1207 3166 1357 3239 involavit
1382 3167 1420 3231 in
1444 3186 1518 3242 eos,

348 3279 433 3335 tauta
454 3269 672 3343 vehementia,
708 3277 741 3332 ut
767 3289 834 3334 eosv
852 3269 1030 3355 discerpere
1058 3270 1138 3337 selle
1160 3269 1331 3335 videretur.
1378 3272 1521 3336 Socrates

350 3382 381 3439 et
396 3374 628 3438 metemur-cuns
655 3381 739 3438 metu
766 3373 904 3458 perculsi
925 3373 1127 3456 diffugerunt.
1172 3376 1255 3438 Tum·
1273 3377 1521 3459 Thrasymachus

349 3477 382 3542 iu
403 3477 541 3542 medium
563 3476 769 3562 proclamans,
793 3497 874 3562 quae
895 3488 963 3553 vos,
987 3477 1101 3562 iuquit,
1130 3476 1248 3544 dudum
1269 3487 1371 3562 nugae
1392 3482 1520 3542 tonent?

350 3581 477 3669 etquid
499 3580 591 3645 stulte
613 3580 703 3664 agitis
726 3577 870 3644 cedentes
891 3579 990 3645 uobis·
1004 3580 1102 3665 ipsis?
1138 3580 1258 3645 Deinde
1284 3580 1403 3666 flagitat
1424 3602 1442 3644 a
1464 3584 1521 3645 So·

349 3695 449 3760 crate,
482 3693 517 3748 ut
545 3704 608 3747 non
637 3683 738 3747 solum
765 3683 939 3766 interroget
966 3682 1131 3772 gloriolam
1159 3695 1302 3768 captans,
1341 3684 1396 3748 sed
1425 3683 1520 3749 etiam

349 3791 416 3876 ipse
437 3777 643 3872 respoudeat,
674 3805 730 3850 nec
753 3784 844 3849 salsas
866 3785 1002 3850 iustitiae
1024 3785 1234 3864 definitiones,
1259 3808 1391 3874 quarmu
1414 3787 1521 3874 plures

351 3900 528 3962 enumerat,
557 3889 594 3956 iu
617 3889 753 3954 medium
776 3887 934 3974 proferat3
969 3907 1008 3954 se
1033 3891 1117 3955 enim
1147 3891 1223 3957 tales
1245 3911 1343 3976 nugas
1365 3911 1428 3955 non
1451 3913 1520 3961 esse

350 3996 570 4062 admissurum.
617 3996 760 4058 Socrates
782 3991 859 4059 haec
880 3992 1012 4058 audiens
1031 3993 1231 4080 perturbatus
1254 4005 1311 4070 est,
1335 4003 1367 4060 et
1388 3995 1522 4079 Thrasye
1596 4077 1602 4085 .

350 4098 494 4166 maehum
512 4101 639 4162 intuens
660 4096 831 4184 pertimuit,
855 4115 899 4160 ae
912 4094 974 4165 nisi
988 4097 1162 4182 eumprior
1177 4098 1402 4184 conspexisset,
1426 4119 1522 4184 quam

349 4204 400 4270 ille
429 4206 610 4278 Socratem,
645 4209 751 4268 mutus
777 4199 877 4266 iactus
904 4207 986 4265 esset
1013 4221 1089 4287 prae
1117 4203 1240 4268 timore.
1286 4207 1375 4270 Nunc
1395 4210 1518 4278 autem,

351 4313 448 4393 quum
468 4306 521 4372 illo
545 4326 693 4370 sermone
715 4307 947 4370 excandescere
968 4305 1137 4391 inciperet,
1166 4327 1250 4372 eum·
1265 4310 1359 4394 'prior
1379 4303 1523 4371 intueba-
