3334 5142
606 414 835 488 ..215-

134 572 271 653 cauce
298 574 379 665 quin
403 574 606 663 Reipublicae
633 594 728 641 causa
757 574 797 639 de
823 569 873 637 his
900 567 1087 640 disseruerit
1111 568 1218 648 Plato,
1252 572 1304 639 cui

134 699 246 745 omnes
273 681 328 765 qiu
354 678 577 767 philosophicis
603 677 777 761 disciplinis
804 675 918 742 imbuti
948 696 1012 741 nou
1040 676 1101 741 siut
1127 696 1188 739 nec
1208 674 1306 759 parti-

134 782 220 869 cipes
249 782 338 859 reri,
375 785 441 867 apti
467 802 530 848 oon
558 802 627 847 esse
655 780 821 846 videantur
849 782 903 867 qui
924 776 1162 865 Rempuhlicam
1183 785 1303 864 regant,

133 890 220 971 quod
250 906 316 951 non
346 888 485 974 habeant
514 883 608 950 finem
637 904 756 959 unum,¹
778 886 829 961 ‚ad
862 903 955 967 quem
988 901 1114 948 omnem
1145 879 1304 965 publicam

132 988 352 1075 privatamque
389 990 484 1053 vitam
520 988 659 1073 dirigere
695 994 858 1071 oporteat;
895 983 1090 1071 philosophis
1122 992 1227 1051 autem
1261 1006 1303 1063 ne

131 1092 210 1177 ipsis
236 1095 366 1177 quidem
392 1093 545 1157 concedat
564 1110 691 1157 omnem
711 1092 806 1155 vitam
827 1092 862 1154 in
882 1090 1099 1173 investigando
1121 1108 1199 1155 vero
1219 1096 1305 1157 traso·

132 1196 258 1279 sigere,
295 1197 357 1261 sed
382 1194 585 1279 Reipublicae
612 1214 705 1259 causa
733 1196 837 1259 studia
863 1194 1071 1265 intermittere
1104 1194 1231 1257 iubeat?
1261 1226 1303 1245 -·

130 1300 179 1365 ad
199 1297 234 1363 id
257 1294 532 1363 etiam'attendant
552 1297 687 1363 lectores
708 1297 819 1371 velim,
848 1298 934 1381 quod
963 1299 1023 1363 hoc
1046 1297 1085 1361 de
1106 1294 1303 1382 philosophis

132 1400 282 1476 effatum,
316 1422 371 1467 eos
402 1403 495 1466 etiam
528 1400 616 1466 vivos
647 1400 682 1466 in
714 1398 880 1466 beatorum
908 1398 1018 1464 insulis
1047 1398 1214 1467 collocatos
1243 1398 1304 1465 sibi

131 1504 244 1579 videri,
266 1523 329 1569 oon
349 1525 465 1569 novum
488 1512 548 1579 est,
570 1525 630 1569 nec
650 1506 711 1569 hoc
733 1505 859 1569 demum
880 1503 951 1567 loco
973 1502 1142 1586 prolatum,
1163 1505 1220 1569 sed
1240 1505 1303 1569 iem

131 1609 236 1691 primo
257 1606 459 1694 Reipublicae
480 1606 564 1674 libro
588 1608 683 1671 latius
711 1606 902 1693 expositum.
948 1607 1031 1683 Quid
1058 1614 1163 1673 autem
1191 1608 1304 1675 attine-

131 1714 188 1779 bat
215 1712 299 1778 hunc
329 1712 514 1775 sententiam
534 1709 604 1795 liam
630 1708 684 1775 illo
711 1709 782 1776 loco
803 1696 1027 1795 pronunciare,
1054 1711 1081 1778 si
1104 1712 1143 1775 de
1164 1698 1303 1795 philoso-

131 1812 204 1899 phis
234 1813 403 1900 disputatio
430 1834 449 1877 a
479 1834 556 1879 vero
578 1817 684 1900 operis
714 1812 777 1879 line
804 1815 906 1905 aliena
936 1818 1052 1885 esset‘t,
1066 1885 1069 1893 f
1082 1814 1178 1883 Vides
1202 1814 1303 1897 igitur

132 1914 247 2003 quihus
267 1915 502 1985 difficultatibus
523 1915 546 1982 ii
566 1917 785 2004 implicentur,
812 1916 867 2001 qui
888 1938 952 1984 nou
974 1936 1044 2009 esse
1065 1916 1304 2003 uempuhlicam

131 2020 165 2089 iu
186 2039 250 2107 qua
270 2018 321 2089 hic
342 2041 448 2086 sermo
471 2029 619 2090 versetur
632 2028 782 2105 statuant3
805 2028 926 2097 contra,
950 2041 991 2085 eu
1012 2028 1121 2090 nostra
1135 2009 1300 2099 contectis,

130 2126 211 2191 haec
233 2126 340 2192 omnia
360 2127 487 2211 egregie
507 2127 590 2193 inter
609 2145 645 2191 se
666 2144 855 2209 congruere.
901 2124 985 2202 Quid
1010 2144 1110 2211 porro
1131 2126 1302 2201 attinebat,

131 2229 158 2296 si
171 2231 252 2293 haec
272 2230 313 2294 de
332 2225 529 2312 philosophis
549 2228 782 2313 magistratibus
805 2229 974 2313 disputatio
994 2236 1028 2309 et
1048 2231 1088 2305 ab
1103 2229 1304 2295 inimicorum

132 2329 296 2397 calumniis
329 2329 471 2397 defensio
500 2352 520 2397 a
546 2352 623 2397 vero
656 2330 762 2415 operis
789 2329 853 2395 fine
880 2330 984 2399 aliena
1012 2340 1114 2409 esset,
1133 2339 1215 2405 -tam
1241 2330 1303 2399 lete

131 2433 271 2519 spatiari,
293 2441 326 2499 et
346 2441 434 2501 tanto
454 2435 560 2500 studio
581 2437 695 2500 docere
717 2454 828 2500 omnes
850 2434 940 2509 alios
951 2442 1079 2518 praeter
1096 2434 1304 2520 philosophos

131 2545 223 2623 aptos
243 2559 310 2604 uon
329 2558 399 2603 csse
420 2536 477 2624 qui
496 2535 699 2624 Reipublicae
720 2536 936 2623 gubernacula
956 2542 1102 2604 teneant?
1124 2541 1195 2606 Non
1207 2558 1304 2626 posse

131 2660 211 2708 vero
233 2639 312 2708 alios
332 2639 537 2725 Reipublicae
558 2640 756 2727 magistratus
776 2662 846 2707 esse
869 2662 963 2727 mam
992 2641 1218 2728 philosophos,
1249 2660 1305 2707 ner

131 2746 305 2809 cessarium
327 2765 368 2809 ex
387 2742 568 2831 philosophi
589 2752 703 2815 mente.
746 2748 825 2809 Nam
846 2765 911 2809 non
932 2752 1005 2817 sunt
1019 2745 1072 2809 alii
1087 2747 1177 2831 gnari
1192 2764 1304 2816 eorum

132 2867 216 2944 quae
235 2844 354 2914 laciuut
370 2855 410 2932 >ut
429 2846 540 2914 civitas
559 2843 645 2914 hona
664 2850 706 2913 sit
733 2854 765 2913 et
789 2846 863 2924 fiat,
894 2850 927 2915 οἱ
947 2852 1021 2939 περὶ
1039 2842 1166 2916 ,τούτων
1187 2870 1304 2940 poene,-

129 2946 281 3039 μώτατοι
313 2944 352 3017 δι’
384 2940 428 3018 ὧν
454 2946 577 3037 ἄριστα
606 2945 703 3029 πόλις
731 2946 881 3038 οἰκεῖται.
922 2954 970 3027 lta
997 2950 1206 3029 necessariam
1235 2948 1307 3041 csse

130 3058 277 3143 sequitur
290 3058 330 3121 dc
344 3053 540 3141 philosophis
554 3055 806 3143 disputationem,
827 3055 1037 3136 necessariam
1053 3052 1304 3127 dissertationem

131 3156 172 3231 de
202 3156 332 3246 summis
361 3154 534 3244 disciplinis
560 3160 600 3224 ad
627 3179 704 3245 qums
731 3156 912 3246 philosophi
932 3158 1175 3246 Rempuhlicam
1190 3163 1306 3249 regant

132 3270 166 3327 et
181 3263 344 3336 ordinent,
375 3269 407 3325 et
429 3260 633 3347 Reipublicae
659 3264 787 3346 quidem
812 3283 908 3327 causa
932 3264 1155 3333 necessariam.
1200 3259 1303 3341 Quid,

132 3384 270 3453 quaeso,
299 3362 469 3439 attinebat,
499 3365 733 3441 demonstrare,
766 3367 950 3451 quaesatio
971 3368 1109 3433 ineundo
1130 3366 1187 3443 sits
1218 3370 1307 3431 utet

131 3466 315 3554 philosophi
339 3489 358 3531 a
377 3466 487 3533 studiis
509 3466 573 3533 suis
594 3488 659 3533 non
674 3476 875 3544 revocentur,
901 3476 933 3535 et
945 3490 1066 3535 summa
1078 3478 1184 3535 tamen
1196 3488 1305 3535 rerum

131 3573 172 3637 iis
196 3572 430 3637 committatur?
467 3572 530 3635 Cur
550 3572 686 3657 denique
712 3579 837 3638 coactos
858 3572 1172 3660 Rerumpuhlicarum
1189 3574 1306 3659 guber·

132 3673 244 3742 nacula
264 3673 425 3757 suscipere
445 3669 546 3748 voluit
565 3673 654 3741 Plato
674 3673 892 3762 philosophos,
916 3675 977 3741 nisi
998 3675 1031 3741 in
1050 3675 1221 3763 Republica
1235 3694 1306 3741 ver·

133 3785 257 3844 seretur
279 3775 331 3841 hic
356 3776 517 3862 dialogus,
551 3780 738 3864 praesertim
760 3799 856 3863 quum
877 3781 946 3865 ipse
968 3779 1042 3845 setis
1061 3784 1304 3867 doceatquam
1406 3829 1408 3838 ,

132 3903 200 3947 non
221 3879 338 3945 laetum
362 3900 431 3945 esse
452 3879 565 3947 debeat
583 3879 778 3965 philosophis
800 3886 880 3949 haec
902 3885 1064 3955 terrestria
1089 3894 1219 3959 curere,
1250 3881 1306 3967 qui

134 3993 227 4049 antea
254 3984 360 4048 divina
386 3982 518 4075 contuiti
545 3983 737 4051 descendere
756 3995 907 4070 cogantur
928 3988 968 4051 ad
991 4006 1056 4066 eos,
1078 3986 1134 4073 qui
1152 4007 1194 4051 nc
1210 3987 1307 4052 simu·
1354 4026 1357 4031 ·

133 4091 221 4153 lacra
242 4084 369 4171 quidem
395 4106 515 4161 rerum,
549 4090 606 4152 sed
630 4085 758 4152 umbras
782 4096 990 4155 contueantur
1014 4090 1095 4157 collo
1117 4086 1304 4173 etpedibus

134 4189 251 4267 uncti,
287 4189 321 4255 et
344 4187 513 4275 participes
536 4188 607 4255 lieri
630 4190 776 4256 laborum
803 4200 836 4257 ct
863 4196 1020 4259 honorum
1048 4196 1103 4279 qui
1136 4192 1220 4277 apud
1248 4212 1304 4258 eos

136 4292 224 4371 sint,
271 4291 545 4381 quantulicumque
574 4293 757 4373 rideantur,
794 4296 855 4363 εἴτε
892 4292 1082 4389 pavidaque
1110 4298 1172 4364 εἴτε
1202 4319 1303 4363 enom
