3334 5142
856 418 898 431 -·
942 386 1003 451 ies
1045 422 1087 436 -

380 546 424 615 σί.
442 568 478 636 ρ.
499 550 574 625 469,
593 548 633 612 Β.
656 546 703 611 St.
738 543 780 612 Ti
800 549 854 630 δίς
874 543 958 633 πρὸς
977 543 1056 626 τοὺς
1077 546 1252 635 πολεμίους
1271 547 1340 624 πῶς
1359 541 1556 629 ποιήσουσιν

380 648 460 741 ἡμῖν
481 657 513 718 οἱ
534 650 754 737 στρατιῶται,
780 647 828 717 Τό
848 656 947 717 ποῖον
967 646 1025 733 δή;
1048 676 1078 717 κ.
1097 680 1127 720 τ.
1148 652 1182 732 ε’,
1205 672 1224 715 a
1242 670 1274 737 p.
1289 652 1490 716 bes-471.
1508 654 1554 717 St.

381 759 484 835 Quam
511 764 549 819 nt
570 754 681 839 legere
706 754 787 820 velis
806 774 966 840 rogamus.
1009 759 1088 820 Nam
1109 750 1209 840 magis
1230 757 1325 819 eiiam
1347 757 1556 841 perspicietur

379 880 457 927 rere
476 879 536 924 nos
558 877 655 945 snpra
673 862 837 925 monuisse
857 862 891 925 in
913 862 1084 927 educandis
1104 858 1289 943 ‹mstodibns
1302 858 1465 925 Platonem
1480 861 1556 926 civi·

379 971 476 1031 ntem
496 970 619 1030 lantum
638 965 830 1048 respexisse.
890 1020 893 1027 ,

732 1258 1114 1351 jasue-mom.

465 1494 556 1560 Hane
576 1498 617 1559 de
636 1496 688 1559 via
708 1502 797 1560 reeta
816 1513 876 1581 per
896 1495 1034 1582 speeiem
1053 1502 1176 1560 tantum
1196 1492 1445 1579 digressionem,
1476 1512 1557 1577 qnae

377 1618 416 1665 re
436 1619 515 1664 vera
534 1598 569 1663 in
590 1600 643 1663 via
664 1607 751 1664 reeta
772 1601 920 1686 migratio
942 1609 1001 1677 est,
1025 1598 1124 1665 abiis
1145 1601 1201 1683 qni
1223 1595 1393 1663 audiebant
1413 1599 1557 1663 animad-
1638 1622 1639 1631 ν

378 1723 502 1787 versam
524 1710 557 1767 et
576 1705 805 1789 reprehensam
825 1706 987 1781 videmus,
1016 1725 1050 1789 p.
1074 1704 1154 1779 e71,
1177 1704 1220 1779 G,
1243 1706 1288 1769 Se
1327 1698 1457 1768 Ἀλλὰ
1478 1695 1556 1791 γάρ
1638 1786 1639 1789 ¹

378 1832 452 1894 μοι
484 1808 639 1888 δοκεῖς,
669 1793 971 1899 dicineum,
1000 1802 1071 1874 ἐάν
1105 1806 1168 1883 τίς
1197 1828 1266 1872 σοι
1298 1802 1347 1872 τά
1384 1805 1557 1871 τοιαῦτα
1638 1814 1639 1823 ’

379 1912 579 2005 ἐπιτρέπῃ
607 1914 762 1998 λέγειν,
791 1908 994 1979 οὐδέποτε
1020 1904 1361 1996 μνησθήσεσθαι
1388 1902 1408 1975 ίί
1436 1910 1478 1975 ἐν
1504 1908 1557 1999 τῷ

378 2009 574 2103 πρόσθεν
591 2010 895 2105 παρωσάμενος
915 2009 1044 2081 πάντα
1065 2014 1199 2081 ταῦτα
1220 2014 1411 2107 εἴρηκας,
1441 2007 1557 2088 τὸὼς

379 2114 541 2200 δυνατή
562 2109 665 2199 αότη
686 2113 707 2200 ή
729 2119 931 2185 πολιτεία
952 2116 1171 2202 γενέσθαι,
1196 2122 1264 2183 καί
1286 2118 1377 2183 τίνα
1399 2110 1557 2205 τρόπον

378 2228 480 2287 ποτὲ
509 2218 676 2304 δυνατή.
709 2224 781 2289 inei
801 2212 854 2289 ότι
884 2228 946 2307 γε,
966 2216 997 2288 εί
1016 2224 1159 2308 γίνοιτο,
1179 2216 1277 2287 πάντ’
1301 2216 1342 2287 liv
1364 2221 1412 2301 εἴη
1433 2214 1557 2304 άγαθά

378 2319 471 2391 πόλει
492 2315 514 2420 ᾗ
535 2329 675 2411 γίνοιτο,
696 2331 751 2392 καὶ
774 2320 797 2391 όί
818 2321 859 2392 nir
881 2326 1107 2413 παραλείπεις,
1130 2320 1192 2410 ἐγὼ
1213 2326 1312 2410 λέγω,
1336 2315 1388 2389 ότι
1409 2326 1557 2399 καὶτοῖς

378 2431 548 2514 πολεμίοις
576 2424 682 2518 ἄριστ’
705 2426 747 2496 ἂν
773 2424 934 2516 μάχοιντο
960 2430 1006 2521 τῷ
1034 2420 1155 2510 ήκιστοι
1176 2422 1362 2495 ἀπολείπειν
1383 2420 1556 2507 ἀλλήλους,
1638 2462 1639 2469 1

377 2527 612 2618 γιγνώσκοντές
641 2558 674 2599 τε
704 2539 759 2600 καὶ
782 2529 1022 2611 ἀνακαλοῦντες
1045 2533 1151 2598 ταῦτα
1173 2528 1217 2597 τά
1237 2526 1386 2620 ὀνόματα
1408 2526 1554 2609 ἑαυτοὺς,
1638 2604 1639 2607 ¹

380 2630 564 2728 ἀδελφοὺς,
591 2639 755 2727 πατέρας,
783 2640 871 2714 υἱεῖς·
901 2631 932 2702 εί
957 2638 993 2702 δέ
1021 2640 1076 2702 καί
1106 2633 1145 2702 τό
1168 2636 1260 2715 θῆλυ
1283 2628 1555 2726 συστρατεύοιτο,

376 2739 443 2805 εἴτε
464 2744 520 2805 καί
542 2741 575 2805 ἐν
597 2740 636 2834 τῇ
658 2735 741 2835 αὐτῇ
764 2735 852 2821 τάξει
875 2741 936 2806 εἴτε
957 2744 1013 2805 καὶ
1036 2736 1181 2807 ὄπισθεν
1202 2740 1466 2826 ἐπιτεταγμένον,
1494 2731 1556 2830 φό-

379 2844 448 2927 βων
477 2866 511 2909 τε
539 2845 631 2910 ἕνεκα
659 2849 729 2922 τοῖς
756 2845 895 2934 ἐχθροῖς
926 2849 982 2909 καὶ
1011 2844 1146 2909 εἴποτέ
1172 2868 1222 2921 τις
1243 2837 1369 2928 ἀνάγκη
1390 2841 1556 2926 βοηθείας

380 2948 525 3031 γένοιτο,
558 2936 631 3027 oia’,
654 2938 706 3013 ότι
728 2942 832 3040 ταύτῃ
851 2941 970 3028 πάντη·
984 2942 1109 3035 ἄμαχοι
1130 2942 1171 3013 όίν
1192 2937 1268 3013 εἶεν·
1291 2952 1346 3013 καὶ
1368 2948 1455 3012 οἴκοι
1476 2936 1556 3030 γτίί

382 3050 620 3139 παραλείπεται
642 3045 782 3136 άγαθόι,
810 3042 875 3117 όσα
903 3047 943 3117 όίν
973 3052 1021 3132 εἴη
1046 3046 1179 3128 αὐτοῖς,
1209 3044 1285 3140 όρῶ·
1312 3044 1383 3115 ἀλλ’·
1405 3044 1450 3127 ὡς
1478 3046 1556 3133 ἐμοῦ

383 3146 625 3238 ὁμολογοῦντος
652 3151 761 3246 πάντα
793 3155 900 3220 ταῦτα
934 3145 986 3219 ότι
1015 3155 1063 3235 εἴη
1091 3150 1149 3234 ι’ίν,
1182 3158 1238 3219 καὶ
1265 3148 1351 3219 ἄλλα
1379 3176 1415 3238 γε
1443 3151 1555 3239 μυρία,

383 3250 419 3320 εἰ
442 3258 609 3341 γένοιτο
638 3251 664 3338 a}
688 3258 885 3324 πολιτεία
908 3248 1027 3339 αίίτη,
1055 3260 1201 3345 μηκέτι
1222 3249 1556 3345 πλείον’περίαύ-

381 3359 457 3440 τῆς
489 3362 597 3446 λέγε,
632 3356 738 3427 ἀλλὰ
769 3356 1035 3442 τοῦτοάότό
1068 3358 1145 3443 ήδη
1173 3355 1418 3451 πειρώμεθα
1449 3352 1556 3445 ἡμᾶς

382 3457 541 3541 αὐτοὺς
567 3464 756 3546 πείθειν,
792 3458 842 3542 ὡς
873 3461 1057 3532 ὁυνατὸν
1086 3469 1152 3530 καὶ
1180 3454 1200 3558 ᾖ
1230 3460 1424 3544 δυνατόν,
1459 3456 1553 3528 τάδ’

366 3560 471 3632 ’ἄλλα
489 3566 616 3657 χαίρειν
638 3567 747 3654 ἐῶμεν.
782 3563 960 3661 Ἕξαίιρνης
981 3593 1017 3653 γε
1039 3563 1089 3647 σίν,
1112 3554 1152 3648 ἦν
1173 3562 1301 3653 δ’ἐέγίι,
1324 3558 1431 3659 ὥσπερ
1453 3590 1558 3633 κατα-

384 3667 508 3761 δρομήν
530 3666 673 3752 ἐποιήσω
695 3671 746 3738 ἐπὶ
768 3666 826 3737 τόν
847 3667 947 3757 λόγον
967 3694 1043 3758 μου,
1065 3676 1120 3736 καὶ
1143 3666 1181 3737 οὐ
1204 3664 1435 3757 συγγινόσκεις
1455 3692 1558 3759 στρα-

384 3776 557 3866 τευομένῳ·
585 3775 681 3853 ἴσως
707 3770 785 3865 γάρ
813 3770 886 3841 οὐκ
907 3764 1062 3855 οἶσθα,
1092 3764 1158 3840 ότι
1178 3768 1298 3861 μόγις
1317 3799 1387 3861 μοι
1409 3770 1460 3839 τό
1482 3770 1557 3841 δύο

384 3871 541 3962 κόματε
570 3874 798 3971 ἐκφυγόντι
823 3878 894 3945 νῦν
923 3873 968 3943 τὸ
997 3880 1207 3964 μέγιστον’
1226 3868 1294 3943 καὶ·
1318 3871 1558 3969 χαλεπώτα-

383 4002 456 4045 τον
489 3981 561 4063 τῆς
589 3981 816 4071 τρικυμίας
847 3975 1027 4067 ἐπάγεις·
1057 3974 1076 4047 ό
1105 3972 1271 4057 ἐπειδάν
1296 3982 1389 4076 ἴὸης
1417 4006 1458 4047 τε
1488 3986 1558 4048 καὶ

384 4077 580 4179 άκοάσης,
614 4080 721 4153 πάνυ
755 4080 997 4171 συγγνώμην
1034 4085 1148 4166 ἕξεις,
1184 4076 1248 4151 ότι
1277 4080 1446 4163 είκότυις
1476 4081 1558 4173 άρα

342 4248 345 4251 ,
385 4183 538 4255 ὤκνουν
559 4212 600 4254 τε
621 4194 688 4255 καὶ
708 4189 933 4256 ἐδεδοίκειν
955 4179 1055 4255 οὕτω
1077 4183 1315 4278 παράδοξον
1337 4191 1473 4276 λέγειν
1495 4183 1557 4255 λά·

384 4315 461 4377 γον
497 4314 537 4359 τι
571 4296 642 4359 κοιλ
674 4294 902 4385 ἐπιχειρεῖν
939 4295 1190 4361 διασκοπεῖν.
1231 4284 1333 4387 Ὅσῳ
1365 4288 1427 4375 ίίν,
1463 4292 1556 4389 ἔφη,
