3334 5142
773 342 1077 477 ,..,ίιι-

379 565 480 661 ταχὺ
507 563 642 641 πάντα
671 569 913 653 διεξελθεῖν
938 570 1103 659 μᾶλλον
1123 564 1325 658 βραδύνω·
1355 570 1445 654 ἑξῆς
1472 566 1551 663 γὰρ

380 662 508 743 οὖσαν
533 670 604 756 τὴν
631 669 800 759 βάθους
827 669 956 757 αὔξῆς
982 677 1189 762 μέθοδον,
1216 667 1280 743 ὅτι
1307 676 1351 769 τῇ
1377 671 1553 758 ζητήσει

379 778 551 865 γελοίως
597 777 705 865 ἔχει,
733 772 932 866 ’ὑπερβὰς
974 773 1104 861 αὐτὴν
1145 774 1247 867 μετὰ
1288 778 1554 868 γεωμετρίαν

379 876 663 972 ἀστρονομίαν
684 880 837 967 ἔλεγον,
861 878 996 974 φορὰν
1018 869 1143 950 οὖσαν
1162 876 1338 969 βάθους.
1376 876 1553 970 Ὀρθῶς,

379 983 474 1076 ἔφη,
502 987 647 1072 λέγεις.
698 987 905 1075 Τέταρτον
927 986 1085 1067 τοίνυν,
1112 973 1157 1067 ἦν
1185 980 1217 1052 δ’
1242 981 1332 1073 ἐμὼ,
1361 984 1554 1072 τιθῶμεν

377 1082 564 1176 μάθημα
584 1084 889 1179 ἀστρονομίαν,
918 1084 971 1168 ὡς
992 1084 1257 1180 ὑπαρχούσης
1284 1090 1356 1170 τῆς
1382 1089 1450 1155 νῦν
1476 1112 1555 1154 ιτα-

378 1194 709 1280 ροιλειτιομίνης,
733 1188 802 1259 ἐὰν
823 1188 955 1273 αὐτὴν
976 1187 1097 1271 πόλις
1117 1192 1246 1286 μετίῃ.
1289 1190 1383 1271 Quod
1404 1194 1553 1259 Socrates

378 1297 471 1362 iniis
493 1300 605 1362 suadet
626 1315 708 1382 quae
727 1314 792 1361 non
813 1296 1047 1379 adscripsimus.
1094 1294 1139 1379 cl.
1160 1316 1193 1383 p.
1218 1299 1289 1365 527.
1310 1303 1390 1361 extr.
1415 1298 1459 1361 St.

462 1398 520 1466 His
548 1404 681 1473 docetur
705 1400 841 1485 primurn
864 1397 948 1465 serio
971 1408 1062 1465 antea
1083 1398 1243 1465 Platonem
1265 1398 1383 1465 dixisse
1404 1398 1556 1465 arithme-

376 1503 473 1567 ticam
499 1484 764 1587 et-geometriam
792 1500 980 1568 militaribus
1002 1502 1077 1569 viris
1099 1524 1169 1569 esse
1192 1503 1315 1577 utilem,
1346 1522 1404 1568 nco
1435 1501 1554 1569 iniuria

378 1624 438 1671 nos
459 1610 597 1671 statuere
626 1606 659 1671 in
687 1606 727 1673 iis
748 1604 907 1671 tradendis
930 1607 1108 1685 Πολιτείας
1127 1606 1284 1673 rationem
1306 1605 1427 1673 baberi.
1472 1600 1551 1670 Nam

379 1708 455 1795 quid
476 1712 605 1779 omnino
626 1709 699 1775 talia
721 1710 972 1776 commemorare
995 1729 1073 1797 opus
1096 1718 1181 1787 erat,
1216 1711 1296 1775 siin
1319 1707 1368 1776 bi's
1389 1714 1428 1775 de
1449 1706 1553 1796 pbilo-

378 1814 487 1899 sophis
513 1812 733 1890 solummodo,
767 1832 839 1879 nec·
854 1813 894 1880 de
921 1811 1116 1901 pbilosophis
1138 1812 1371 1901 magistratibus
1393 1822 1426 1880 et
1445 1816 1553 1900 Repu·

378 1915 469 1983 blica·
481 1937 586 1983 sermo
606 1922 726 1983 cssett·
1164 1932 1166 1937 ’

464 2024 527 2087 Cor
546 2021 600 2086 bie
619 2012 778 2086 Platonem
801 2023 841 2087 de
863 2019 1054 2087 astronomia
1074 2024 1137 2087 inm
1151 2020 1256 2087 dicere
1271 2034 1466 2087 orsnm'eum
1487 2040 1553 2086 ser-

247 2108 251 2116 ’
333 2125 336 2128 ’
377 2141 503 2189 monem
524 2124 720 2210 relinquere,
749 2128 841 2190 etde
862 2124 1080 2190 stereometria
1100 2124 1239 2209 primum
1254 2124 1360 2191 dicere
1381 2130 1550 2208 putemus?

373 2211 460 2294 'Num
480 2215 633 2293 credibile
656 2237 704 2294 est
726 2231 900 2305 Socratem,
926 2250 1023 2313 quum
1045 2232 1085 2293 de
1106 2230 1298 2295 astronomia
1320 2228 1426 2298 dicere
1445 2228 1550 2303 vellet,

376 2335 516 2397 nondum
537 2334 685 2407 tenuisse,
707 2331 792 2417 qnod
807 2335 846 2397 de
861 2331 1078 2398 stereometria
1092 2331 1257 2399 dicendum
1273 2336 1386 2399 csset‘l
1402 2334 1484 2395 Nom
1500 2330 1552 2397 vel

377 2434 537 2500 minimam
550 2435 618 2500 reri
629 2437 766 2521 speciem
780 2434 883 2511 babet,
899 2435 1062 2501 Platonem
1076 2438 1109 2501 in
1124 2454 1224 2519 opere
1235 2443 1297 2500 mm
1309 2430 1473 2521 praeclaro
1489 2442 1552 2500 tam

378 2547 498 2605 temere
521 2537 691 2623 quidquam
712 2536 881 2605 effudisset
908 2522 1138 2605 Attendcndum
1157 2538 1261 2622 igitur
1278 2541 1364 2623 quod
1385 2536 1461 2604 dicit
1482 2556 1551 2603 eam

377 2641 538 2707 scientiam
560 2650 627 2706 tum
649 2645 796 2723 nondum⁴
810 2642 968 2707 inventam
984 2662 1062 2709 esse.
1106 2645 1198 2721 Quod
1213 2642 1240 2708 si
1253 2642 1349 2727 igitur
1363 2662 1432 2709 eam
1447 2646 1552 2707 statim

376 2744 411 2811 in
432 2744 667 2830 disciplinarum
681 2746 1015 2830 eborum‘recepisset,
1039 2767 1058 2811 a
1072 2746 1344 2813 verisimilitudine
1358 2752 1390 2811 et
1401 2744 1552 2811 facilitate

377 2847 493 2935 dialogi
506 2840 707 2915 recessisset(
727 2853 806 2914 Nam
820 2849 1000 2915 verosimile
1014 2872 1078 2916 non
1093 2858 1161 2916 erat
1177 2853 1553 2916 Glauconemsterenme-

376 2951 478 3029 triae,
490 2955 566 3019 artis
580 2961 645 3019 tum
661 2973 771 3038 parum
785 2961 840 3019 aut
854 2974 917 3019 non
928 2954 1081 3038 cognitae,
1104 2961 1214 3040 sponte
1229 2952 1420 3019 mentionem
1434 2954 1550 3019 iacere.

376 3058 487 3142 ltaque
508 3065 545 3121 nt
564 3058 718 3123 sermonis
738 3055 899 3123 familiaris
920 3059 1057 3144 speciem
1079 3057 1275 3137 assimilaret,
1297 3059 1351 3143 qui
1366 3064 1478 3143 sponte
1496 3076 1551 3122 sun

376 3158 515 3246 profluit,
525 3180 589 3225 uec
599 3161 824 3247 praemeditata
835 3168 868 3226 et
881 3157 1024 3227 ordinata
1037 3159 1143 3229 omnia
1157 3160 1271 3226 afferre
1286 3159 1456 3235 rideretur,
1468 3160 1551 3225 inter

378 3262 622 3349 colloquendum
643 3266 770 3329 demum
792 3285 861 3329 eam
884 3264 1078 3348 disciplinam
1100 3268 1249 3331 omissam
1278 3284 1346 3329 esse
1372 3284 1407 3329 se
1431 3265 1550 3329 sentire

377 3365 512 3433 simulat
544 3366 638 3435 Vides
653 3370 749 3453 igitur
758 3368 920 3434 Platonem
936 3371 1039 3452 ipsum
1051 3368 1197 3456 exemplo
1211 3367 1368 3434 illustrare
1382 3386 1477 3452 quarn
1493 3386 1550 3432 nos

377 3466 411 3536 in
440 3468 626 3554 explicando
658 3491 756 3555 opere
785 3476 949 3555 sequimur
976 3476 1150 3549 rationem,
1182 3492 1219 3537 ac
1238 3480 1328 3558 poles
1349 3470 1422 3536 inde
1445 3469 1551 3536 conie-

375 3579 498 3639 ¹ctnram
519 3572 644 3651 facere,
669 3574 746 3659 quid
767 3583 860 3659 putes
881 3575 1079 3642 statuendum
1101 3575 1203 3641 videri
1225 3573 1265 3640 dc
1285 3573 1359 3640 libri
1377 3576 1479 3659 quinti
1492 3574 1552 3638 ini·

376 3679 422 3743 tio
440 3698 474 3765 p.
498 3673 560 3741 [τίν
569 3678 693 3742 -λ51,
717 3681 781 3755 St.;
811 3682 851 3743 de
881 3700 919 3744 eo
945 3682 1018 3745 loco
1048 3682 1103 3764 qni
1123 3687 1178 3745 est
1204 3677 1278 3745 libri
1300 3678 1399 3763 quinti
1420 3696 1452 3763 p.
1474 3678 1548 3743 lbi.

378 3787 457 3847 extr.
481 3783 527 3846 Stz
551 3780 684 3868 aliisque
706 3782 873 3859 similibus,
898 3787 937 3848 de
958 3782 1072 3870 quibus
1093 3783 1155 3849 iarn
1178 3782 1378 3847 dictumest.

461 3886 500 3949 Ut
520 3884 658 3971 reliquas
680 3893 764 3951 artes
785 3885 828 3950 ita
847 3890 940 3951 etiam
955 3887 1178 3963 astronomiam
1193 3884 1445 3960 enharmonium,
1469 3902 1550 3972 quae

376 3986 535 4074 pertinent
555 3991 594 4053 ad
616 3989 742 4055 diversa
763 3994 866 4055 motus
888 4010 1015 4073 genera,
1040 4012 1112 4055 eum
1133 3994 1165 4055 iu
1186 3988 1282 4055 finem
1300 3997 1394 4074 atque
1409 3990 1455 4053 ita
1470 3988 1551 4054 disci

377 4086 495 4156 debere
516 4092 680 4169 existimat,
702 4099 737 4157 ut
756 4100 985 4179 praeparentur
1005 4100 1124 4159 mentes
1147 4096 1187 4159 ad
1208 4094 1459 4180 cognoscendam
1482 4092 1550 4158 din·

272 4199 275 4206 “
377 4195 520 4260 lecticam
547 4204 654 4262 artem
687 4217 713 4261 s.
748 4196 922 4262 doctrinam
948 4197 1107 4273 idearum,
1142 4220 1276 4286 quarum
1303 4198 1474 4285 praecipua
1502 4204 1551 4261 est

377 4300 452 4365 idea
470 4301 557 4367 boni.
599 4302 637 4367 ld
663 4299 760 4385 igitur
787 4308 823 4368 ut
849 4322 924 4368 rere
940 4300 1007 4369 'liat
1034 4305 1206 4371 curandum
1231 4322 1300 4368 esse
1325 4301 1434 4387 legum
1455 4300 1549 4365 latori
