3334 5142
574 426 724 495 -197
763 456 806 480 υ·

182 582 268 653 Dein
295 585 444 656 Socrates
471 605 511 654 ea
540 586 658 673 repetit
677 606 767 675 quae
797 589 892 657 tertio
914 584 1009 657 *libro
1032 589 1079 659 tin
1113 588 1267 675 eligendis

99 686 335 774 magistratibus
359 688 556 759 observanda
582 712 653 757 esse
675 699 852 759 monuerat.
896 690 941 760 Cf.
962 688 1018 757 lib.
1042 690 1105 770 111,
1118 707 1120 712 '
1135 712 1167 780 p.
1189 695 1264 770 tlte

99 794 136 855 t.
170 795 249 858 Tum
268 788 390 859 τοιαῦτ’
415 790 516 869 ἄττα,
538 793 655 881 inquit,
677 780 718 876 ἦν
738 791 781 861 τὰ
802 790 959 883 λεγόμενοι
980 790 1192 885 παρεξιόντος
1210 802 1267 865 ’καὶ

99 898 439 984 παρακαλυπτομένου
460 898 520 966 τοῦ
540 892 651 983 λόγου,
672 901 903 991 πεφοβημένου
917 904 1014 966 κινεῖν
1028 896 1066 965 τὸ
1079 900 1137 971 νῦν
1149 894 1268 987 παρόν,

95 994 354 1080 Ἀληδὲστατα,
377 999 457 1090 ἔφη,
479 1003 595 1086 λέγεις·
621 1003 788 1088 μέμνημαι
806 996 884 1091 γάρ.
924 998 1043 1081 Ὄκνος
1063 999 1145 1093 γὰρ,
1175 1002 1270 1093 ἔφην,

101 1088 240 1194 dous,
269 1098 346 1195 ἐγὼ,
370 1098 472 1168 εἰπεῖν
492 1100 612 1174 τὰνῦν
632 1100 932 1191 ἀποτετολμημένα·
954 1106 1011 1176 νῦν
1033 1107 1068 1173 δὲ
1090 1106 1269 1195 τοῦτομὲν

100 1200 320 1290 τετολμήσθω
344 1200 463 1285 εἰπεῖν,
494 1198 547 1274 ὅτι
573 1204 654 1285 τοὺς
676 1202 935 1297 ἀκριβεστάτους
956 1203 1108 1301 φύλακας
1130 1206 1270 1301 φιλοσό-

102 1332 188 1397 qous
209 1310 261 1375 δεῖ
277 1302 494 1376 καθιστάναι.
543 1304 709 1400 Eodem»
734 1306 814 1396 γάρ,
844 1310 916 1404 ἔφη.
972 1312 1018 1379 cf.
1049 1332 1083 1398 p.
1101 1316 1190 1391 οῦδ,
1226 1317 1265 1379 Α.

100 1411 266 1478 Iteclinans
293 1411 528 1499 quodammodo
552 1418 593 1480 ab
617 1415 656 1480 iis
676 1434 758 1500 qnae
779 1422 871 1480 antee
889 1413 1030 1491 dixerat.
1063 1430 1188 1483 oausam
1210 1438 1267 1485 cur

102 1523 193 1580 antea
212 1518 296 1582 hunc
324 1519 364 1582 de
388 1520 619 1603 τοεηὶιοειίοοε
642 1517 833 1584 locum-non
857 1521 1030 1589 accuratius
1053 1520 1266 1605 explicaverit,

101 1616 202 1683 affert.
251 1622 330 1684 Nam
360 1641 457 1705 quum
485 1629 578 1688 antea
607 1613 690 1689 hane
720 1625 761 1687 de
789 1625 1022 1717 magistratibus
1050 1626 1267 1711 quaestionem

102 1722 195 1787 simul
225 1742 296 1787 cum
328 1724 511 1808 quaestione
540 1727 580 1790 de
599 1725 767 1793 mulierum
791 1725 1027 1812 liberorumque
1048 1729 1269 1817 communione

100 1826 248 1890 iniectam
270 1847 340 1892 esse
353 1826 541 1912 simulasset,
568 1849 669 1913 eaque
692 1832 760 1916 ipsa
776 1850 813 1896 re
834 1828 1008 1907 effecisset,
1035 1835 1071 1895 ut
1094 1832 1173 1899 haec
1196 1832 1276 1904 sine·

100 1926 347 2013 reprehensione
377 1929 534 2013 explicare
565 1952 659 2018 posse
694 1935 894 2010 viderentur,
938 1936 1014 1999 ium‘
1031 1953 1097 2003 non
1121 1935 1277 2022 amplius

100 2034 201 2098 ntitnr
229 2054 266 2097 ea
287 2034 505 2120 excusatione,
538 2035 593 2102 sed
613 2035 810 2123 probabilem
836 2044 956 2103 tentum
980 2038 1135 2104 rationem
1158 2042 1269 2116 affert,-

102 2157 158 2201 cur
183 2135 413 2214 hune-locum,
445 2137 509 2203 iam
534 2146 626 2205 antea
651 2139 801 2226 explicari
820 2148 984 2224 coeptum,
1014 2160 1079 2207 non
1100 2143 1267 2209 deduxerit

100 2243 141 2305 ad
168 2238 272 2305 tinem.
315 2246 431 2307 Veram
459 2249 565 2307 tamen
595 2263 659 2309 nen
683 2242 791 2309 afferri
818 2243 910 2311 huius
934 2246 1113 2317 omissionis
1141 2234 1293 2313 causam'

100 2344 164 2408 iam
183 2350 276 2409 antea
298 2344 551 2427 significavimus.
594 2349 635 2411 Et
650 2346 793 2429 protecto
814 2348 960 2415 Socrates
980 2368 1045 2414 nou
1062 2350 1089 2415 is
1108 2358 1186 2427 eret,
1213 2356 1268 2437 qui

101 2468 281 2512 sermonem
312 2447 449 2535 aliquem
478 2455 613 2531 propter
644 2448 856 2521 ditlieultatem
892 2452 1112 2537 disputationis
1139 2456 1265 2521 uitaret.

100 2552 213 2617 Facile
225 2552 320 2635 igitur
339 2554 442 2636 quivis
466 2560 498 2617 et
519 2550 660 2619 simulari
678 2555 747 2625 ista.
773 2561 806 2618 et
826 2558 884 2618 cur
901 2554 1091 2621 simulentur
1106 2556 1269 2641 intelliget.

101 2655 269 2722 llloenim
296 2658 367 2721 loco
395 2657 533 2723 iustitiae
561 2663 593 2721 et
610 2656 651 2721 in
675 2654 798 2723 civitate
826 2664 858 2723 et
887 2659 920 2723 in
939 2656 1067 2744 singulis
1089 2659 1268 2727 hominibus

100 2762 261 2844 indagatio
285 2780 349 2825 nou
377 2760 509 2847 amplius
538 2757 659 2825 differri
688 2762 782 2845 posse
813 2760 987 2829 videbatur.
1031 2767 1151 2831 Verum
1172 2762 1270 2848 igitur

102 2871 150 2929 est
171 2848 258 2948 quod
278 2862 339 2929 hoe
356 2862 431 2930 loeo
450 2863 526 2930 dicit
547 2865 649 2939 Plato,
675 2863 823 2929 omissam
848 2877 917 2931 esse
941 2868 1022 2934 hanc
1053 2868 1269 2953 quaestionem

101 2966 213 3053 priore
229 2965 311 3042 loeo,
331 2986 390 3033 nee
410 2964 600 3033 sufficienter
618 2965 822 3052 explicatam,
845 2970 878 3034 id
895 2976 1004 3033 'umen
1019 2970 1123 3053 ipsum
1140 2973 1268 3055 probat,

102 3074 276 3137 cohaerere
298 3074 385 3135 hune
406 3072 452 3138 de,
471 3068 666 3157 philosophis
690 3068 922 3155 magistratibus
946 3060 1050 3139 locum
1076 3094 1148 3139 eum
1173 3080 1269 3161 quae-

103 3170 258 3239 stionibus
279 3173 426 3260 politicis.
472 3175 616 3239 Ceterum
642 3172 765 3242 timoris
790 3173 897 3251 istius,
931 3196 996 3263 quo
1022 3196 1057 3241 se
1081 3176 1267 3261 impeditum

103 3299 172 3344 esse
191 3280 337 3343 Socrates
360 3276 473 3353 tradit,
501 3276 694 3362 quominus
721 3281 894 3343 accuratius
918 3278 1090 3362 explicaret
1115 3280 1198 3349 hune
1221 3282 1268 3349 lo-

103 3402 174 3446 cum
199 3383 239 3445 de
259 3376 502 3465 magistratibus,
528 3381 563 3445 iu
576 3378 664 3461 libro
686 3382 782 3447 tertio
797 3381 920 3448 nullum
941 3371 1271 3469 vestigiumapparet.

101 3488 166 3550 llos
194 3504 313 3571 panem
335 3483 459 3549 futuros
481 3504 550 3550 esse
572 3482 721 3567 deinceps
744 3494 867 3564 monet,
894 3485 1043 3573 quoniam
1065 3491 1149 3557 haud
1173 3510 1269 3573 saepe

102 3587 220 3673 ingenii
231 3635 246 3663 ,f
271 3590 367 3658 enimi
392 3586 596 3674 corporisque
617 3586 796 3666 facultates,
826 3602 908 3675 quae
923 3588 1112 3675 philosophi
1137 3590 1267 3675 naturae

102 3699 208 3777 partes
232 3693 306 3768 sint,
331 3690 424 3757 simul
444 3692 493 3757 in·
507 3712 573 3758 uno
600 3690 886 3777 deprehendantur.
904 3703 910 3721 ‘
930 3697 1161 3763 Examinendos
1190 3714 1268 3763 vcro

104 3816 174 3861 esse
203 3816 270 3859 non
300 3798 403 3861 solum
431 3794 470 3859 iis
501 3792 681 3874 laboribus.
711 3790 894 3873 timoribus,
925 3795 1153 3885 voluptatibus,
1184 3818 1265 3886 quae

104 3905 195 3963 antea
215 3897 315 3963 dictae
333 3901 407 3974 sint,
433 3901 489 3964 sed
508 3898 700 3966 exercendos
721 3900 814 3965 etiam
836 3921 906 3965 esse
923 3900 1065 3987 plurimis
1083 3890 1266 3988 disciplinis,

103 4009 137 4065 ut
157 4011 323 4087 appareat,
343 3996 419 4067 nuni
440 4001 592 4068 maximas
613 4005 707 4067 etiam
729 4001 908 4087 disciplinas
932 4002 1015 4070 ferre
1036 4000 1168 4072 valeant.
1200 4000 1204 4007 ’
1275 4094 1276 4099 ¹

187 4108 402 4191 Interrogatus
430 4096 648 4193 deinde'quas
675 4114 767 4171 vocet
795 4128 934 4173 summas
963 4100 1140 4195 disciplinas
1174 4112 1268 4193 Μνη-

103 4204 249 4302 μονεύεις
268 4212 328 4295 μέν
348 4234 428 4289 που,
448 4208 560 4293 inquit,
582 4195 638 4276 ὅτι
657 4208 771 4301 τριττὰ
793 4212 861 4291 εἴδη
881 4200 990 4305 ψυχῆς
1012 4206 1267 4311 διαστησάμενοι

104 4308 352 4401 ξυνεβιβάζσμεν
373 4306 582 4393 δικαιοσύνης
602 4336 636 4394 τε
657 4316 731 4400 πέρι
751 4318 807 4381 καὶ
828 4309 1042 4407 σωφροσύνης
1063 4314 1118 4383 λαὶ
1134 4312 1270 4409 ἀνδρίας
