3334 5142
847 396 1076 463 ..190-

376 555 503 623 sicam
529 576 600 623 mm
630 554 746 622 utilem·
766 576 840 623 esse
868 567 972 645 putet,
1005 562 1223 644 maioremque
1254 559 1329 623 inde
1362 558 1456 642 operi
1486 554 1550 640 ipsi

375 659 610 745 perlectionem
630 660 791 756 conciliari
812 669 942 742 statuat,
972 663 1001 729 si
1021 672 1127 733 aulem
1148 664 1304 729 eiumodi
1329 661 1487 731 simulatio
1508 694 1552 711 -

376 768 462 850 qnod
484 764 628 852 accipere
650 775 808 849 eoguntur
828 766 1015 853 interpretes
1035 799 1078 817 -
1099 786 1158 854 per
1181 787 1296 833 omnes
1314 768 1423 850 operis
1444 772 1552 851 partes

376 868 550 953 acqualiter
582 869 784 935 continuetur
814 878 847 935 et
872 887 912 935 ne
945 870 1121 955 explicetur
1149 874 1275 957 quidem
1304 878 1359 936 aut
1386 868 1550 945 solvamr,

375 980 442 1037 tum
471 989 625 1037 summam
648 992 756 1038 reram
778 976 920 1040 omnium
939 978 1214 1058 perturbationem
1238 974 1317 1041 oriri
1338 992 1468 1041 neeesse
1494 980 1552 1053 est,

373 1096 435 1141 nec
458 1073 529 1140 fieri
552 1083 672 1162 petest,
702 1086 739 1143 ut
759 1079 830 1163 quis
850 1086 937 1145 recte
959 1080 1120 1163 dispiciat,
1156 1082 1232 1165 quid
1257 1096 1333 1145 vere
1357 1084 1551 1163 quaeratur,

374 1185 429 1245 nul
452 1173 529 1265 quo
543 1182 606 1245 sint
629 1181 741 1247 ordinm
768 1182 886 1267 dialogi
912 1191 1030 1267 partes
1047 1180 1228 1271 dispositae.
1272 1184 1366 1261 Quod
1395 1182 1423 1247 si
1450 1180 1555 1265 igitur

375 1284 447 1368 quis
466 1304 525 1349 nes
548 1286 592 1348 ila
612 1286 798 1372 impugnare
819 1286 909 1363 velit,
937 1296 974 1354 nt
997 1289 1096 1364 dicat,
1126 1306 1188 1353 nos
1213 1286 1381 1353 dissentire
1410 1282 1452 1350 ab
1480 1282 1553 1370 ipso

375 1386 505 1457 Platone
528 1389 621 1453 toties
641 1392 799 1476 repetenti
816 1389 967 1459 iustitiam
989 1413 1059 1458 esse
1081 1395 1167 1479 quod
1186 1398 1328 1477 quaerat,
1356 1392 1472 1457 eedem
1494 1408 1555 1453 nos

375 1491 440 1557 telo
458 1492 610 1557 adversus
630 1496 714 1559 hunc
733 1494 836 1580 ipsum
853 1504 988 1573 utemur,
1013 1516 1086 1561 eum
1107 1497 1211 1582 ipsum
1235 1516 1255 1559 a
1279 1495 1408 1560 Platone
1430 1495 1557 1558 dissen-

374 1594 435 1660 tire
457 1598 634 1672 docentes,
661 1599 716 1681 qni
737 1602 833 1663 toties
861 1606 999 1682 repetat,
1023 1620 1068 1665 se
1090 1620 1159 1665 eam
1186 1596 1378 1665 obcausam
1405 1601 1491 1663 hanc
1515 1600 1556 1661 de

375 1697 571 1784 philosoplis
597 1707 629 1765 et
652 1698 734 1766 ideis
753 1704 997 1785 disputationem
1013 1698 1204 1779 instituisse,
1227 1706 1313 1788 quod
1334 1704 1367 1767 in
1389 1722 1428 1767 ea
1447 1722 1488 1766 re
1511 1702 1556 1765 ci·

374 1803 480 1867 vitatio
509 1802 641 1868 salutem
671 1806 810 1887 positam
832 1827 902 1872 esse
928 1823 1115 1890 persuasum
1140 1806 1273 1884 habeat,
1303 1813 1397 1871 elea
1423 1804 1556 1890 qrridem

375 1908 619 1983 asseveratione,
642 1928 704 1993 qna
718 1930 875 1995 nusquam
892 1912 1003 1986 utitur,
1028 1932 1125 1997 quum
1141 1913 1218 1977 dicit
1235 1932 1270 1977 se
1285 1911 1436 1976 iustitiam
1454 1929 1557 1993 quae-

375 2029 450 2075 rere
467 2010 560 2087 velle,
581 2030 676 2096 quam
694 2014 764 2077 eius
780 2013 1013 2079 simulationem
1033 2036 1129 2099 saepe
1145 2014 1256 2081 falsam
1275 2012 1556 2101 deprehendimus.

375 2115 462 2180 llaec
485 2133 564 2180 vero
581 2134 662 2199 qnae
678 2118 722 2181 dc
742 2115 939 2203 philosophis
960 2126 1135 2197 asseverat,
1162 2120 1329 2186 uerissima
1351 2120 1476 2203 ubique
1501 2119 1559 2181 de·

374 2218 619 2303 prehendentem.
661 2221 697 2284 ld
722 2218 821 2303 igitur
838 2225 1020 2288 secundnm
1044 2227 1126 2289 hanc
1149 2225 1276 2309 quidem
1303 2224 1560 2306 argumentatio

374 2340 447 2387 nem
480 2324 656 2388 concedere
683 2331 840 2407 cogentur
870 2327 1061 2404 adversarii,
1095 2327 1238 2415 ipserum
1267 2327 1454 2392 sententiam
1488 2340 1558 2389 nen

375 2424 476 2510 magis
510 2444 620 2492 reram
636 2448 639 2455 ·
658 2446 728 2491 csse
774 2447 870 2511 mam
914 2437 1069 2507 nostram,
1115 2450 1211 2516 quum
1247 2428 1357 2497 eadem
1399 2433 1558 2495 aduersus

375 2530 470 2615 ipsos·
493 2529 556 2594 dici
583 2531 722 2617 possint,
753 2551 834 2617 quae
855 2540 984 2599 nestrae
1005 2536 1201 2611 sententiae,
1239 2532 1363 2601 etiamsi
1384 2532 1464 2599 falsa
1485 2552 1558 2597 om·

376 2634 475 2708 nino,
493 2622 668 2724 praecipue
693 2644 865 2721 opponant
910 2640 973 2703 Sed
996 2656 1182 2725 pergamus:
1205 2634 1299 2705 aaliz
1326 2634 1366 2719 δὴ
1397 2637 1473 2703 τίνα
1504 2639 1558 2701 λέ-

376 2760 446 2822 γεις
466 2732 589 2826 τρόπον
610 2738 668 2819 τῆς
690 2740 899 2833 διαγραφῆςῑ
926 2739 1116 2827 Λαβόντες,
1142 2728 1184 2823 ἦν
1212 2736 1242 2809 οἵ
1266 2738 1341 2828 ἐγὼ,
1371 2732 1479 2831 ὥσπερ
1502 2740 1557 2806 πί-

375 2862 463 2907 νακα
489 2836 588 2907 πόλιν
608 2862 643 2907 το
663 2847 726 2908 καὶ·
738 2840 814 2925 ἤθη
836 2840 1020 2935 ἀνθρώπων
1041 2847 1171 2935 πρῶτον
1190 2852 1251 2932 μὲν
1271 2840 1435 2934 καθαρὰν
1455 2839 1557 2923 mocri-

376 2966 470 3011 οειαν
495 2939 551 3025 ἂν,
569 2937 604 3009 ii
630 2941 669 3011 ori
696 2942 784 3013 πάνυ
812 2942 943 3039 ῥᾴδιον·
975 2944 1044 3015 ἀλλ’
1070 2936 1129 3015 οὖν
1157 2938 1270 3027 οἶσθ’,
1305 2940 1489 3038 dalecamp
1514 2939 1558 3013 ἂν

376 3043 483 3125 εὐθὺς
511 3048 577 3114 τῶν
604 3044 713 3115 ἄλλων
743 3052 934 3135 διενεγκεῖν,
966 3052 1016 3144 ’τῷ
1047 3048 1128 3139 μήτε
1161 3047 1293 3119 ἰδιώτου
1314 3046 1395 3140 μήτε
1427 3046 1557 3127 πόλεως

376 3152 541 3231 ἐθελῆσαι
567 3147 609 3218 ἂν
637 3144 807 3245 ἅψασθαι
827 3151 1073 3248 μηδὲιγράφοιζν
1094 3150 1230 3243 νόμους,
1258 3160 1335 3246 πρὶν
1356 3151 1557 3239 ἢῖπαραλα·

375 3361 517 3423 Eandem
530 3362 683 3426 rationem
697 3360 731 3426 in
744 3364 914 3428 condenda
922 3360 983 3426 lrac
994 3364 1133 3449 perfecta
1141 3361 1270 3454 uisitata
1287 3366 1447 3430 Socratem
1463 3380 1557 3427 secu·

376 3470 443 3530 turm
458 3461 611 3529 uidemus
646 3462 761 3533 Cillis.
779 3468 836 3529 [Π.
852 3488 886 3549 p.
903 3469 978 3531 399,
996 3473 1075 3535 extr.
1091 3469 1135 3531 st.
1179 3468 1249 3531 Hoc
1265 3477 1370 3533 autem
1380 3467 1452 3531 loce
1468 3467 1557 3530 subit

376 3586 562 3652 quaerere,
584 3583 671 3633 num
687 3572 767 3633 lraee
792 3566 832 3633 de
864 3570 1035 3652 llcpulrliea
1057 3569 1237 3657 disputatio
1265 3577 1385 3637 tantam
1413 3552 1556 3635 institiae

375 3670 580 3739 illustrandae
610 3692 703 3737 causa
729 3673 871 3737 instante
899 3672 1002 3738 videri
1029 3676 1147 3757 pessit,
1163 3720 1165 3727 .
1184 3681 1238 3738 ant
1266 3670 1340 3739 num
1369 3672 1555 3739 verosimile

376 3777 435 3852 sit,
457 3777 641 3842 uiatorem
684 3774 920 3862 Rempublicam
961 3798 1018 3842 sna
1060 3776 1189 3864 quidem
1232 3796 1325 3843 eausa
1368 3774 1554 3842 describere

376 3876 530 3956 ualuisse,
566 3888 664 3966 qurum
695 3888 801 3945 tamen
814 3879 890 3945 sihi
915 3899 1099 3966 persuasum
1131 3878 1264 3945 haberet
1291 3879 1361 3945 fieri
1389 3900 1460 3945 eam
1487 3882 1554 3944 nen

377 4003 482 4067 posse,
505 4002 577 4049 eum
597 3993 719 4049 tantum
740 3986 775 4047 in
790 3982 936 4048 inomni
950 3984 1154 4068 perfectionis
1169 3970 1330 4067 exemplar
1346 3992 1553 4070 preponeret,

377 4089 412 4153 in
436 4106 499 4173 qna
527 4090 632 4154 emnia
653 4095 718 4152 tam
745 4086 920 4170 pmdenter
947 4086 1172 4166 instituuntur,
1191 4112 1194 4123 ¹
1212 4096 1250 4154 nt
1268 4087 1496 4173 philosophum
1522 4093 1554 4152 al

377 4209 474 4258 sanae
493 4180 645 4279 politices
656 4198 692 4257 et
712 4190 864 4258 historiae
880 4190 1006 4276 egregie
1020 4202 1193 4259 memorem
1207 4190 1305 4257 inisse
1319 4192 1423 4277 quivis
1439 4199 1552 4277 sportae

376 4294 549 4364 eoncedatt
590 4298 670 4363 liam
686 4294 958 4382 quemadmodum
982 4292 1126 4383 Moyses,
1158 4295 1194 4365 in
1218 4295 1316 4363 mtrlto
1344 4295 1408 4363 dia
1434 4312 1549 4374 causa,
