3334 5142
863 407 1071 480 -56-

377 577 506 654 luerint,
529 578 614 662 quod
636 580 697 643 hoc
719 577 791 642 loco
809 578 876 641 iam
897 595 962 641 non
980 575 1084 660 ipsum
1100 579 1327 642 Socratcmsed
1342 575 1578 649 Adimantum,

377 702 442 770 quo
463 684 585 765 species
607 681 674 746 reri
696 688 840 765 augetur,
863 680 1147 748 testari'videmos.
1251 736 1255 744 .

465 788 526 850 Sed
547 787 674 850 rideant
694 784 847 860 lectores,
870 794 988 871 quanta
1009 793 1079 851 arte
1098 785 1186 850 Plato
1203 783 1383 860 orationem
1404 783 1578 870 paulatim

378 893 417 956 ad
440 890 601 954 civitatem
619 880 811 972 perlectam,
846 890 879 950 in
906 910 968 972 qua
990 890 1092 952 omnis
1116 891 1170 973 qui
1192 890 1333 973 sequitur
1355 910 1463 952 sermo
1487 911 1578 952 ver·

376 1001 480 1070 satur,
513 993 703 1057 deduxerit·
737 993 878 1055 Primum
908 994 943 1055 in
969 994 1147 1056 civitatibus
1169 994 1318 1056 iustitiam
1339 1015 1374 1057 se
1397 1013 1576 1076 quaerere

375 1099 457 1164 velle
486 1098 644 1170 declarat,
680 1097 794 1160 deinde
816 1097 849 1158 in
871 1117 933 1160 una
953 1102 1075 1160 tantum
1097 1098 1257 1160 civitate:
1282 1098 1399 1181 Itaque,
1416 1099 1573 1160 civitatis

378 1201 510 1266 alicuius
533 1202 572 1263 de
595 1193 699 1262 medio
723 1201 878 1284 originem
902 1201 1063 1282 explicare
1084 1201 1165 1263 velle
1186 1198 1324 1272 ridetur,
1354 1199 1411 1264 sed
1434 1203 1577 1284 agrico-

378 1309 494 1378 larum,
518 1301 678 1385 opiticum,
707 1303 741 1366 h
767 1324 796 1366 e.
820 1305 932 1366 tertiae
954 1304 1069 1373 civium
1092 1304 1230 1367 classis
1220 1325 1252 1366 ιιι
1276 1325 1333 1369 sua
1353 1306 1487 1367 civitate
1515 1307 1575 1367 vi·
1624 1340 1625 1345 ι

377 1417 441 1473 tam
461 1424 587 1494 parcam
610 1415 643 1472 et
663 1407 819 1470 modicam
832 1408 1006 1484 describit;
1030 1407 1212 1482 occasione,
1236 1428 1318 1492 quae
1340 1429 1374 1471 se
1397 1407 1573 1472 ollerehat
1624 1444 1625 1517 q

377 1514 416 1576 ad
446 1497 658 1596 quaerendam
687 1511 838 1573 iustitiam
868 1511 901 1575 ἐν
930 1505 1037 1575 αὐτῶν
1065 1505 1189 1575 τούτων
1208 1512 1303 1600 χρεία
1325 1516 1388 1575 τινὶ
1411 1513 1486 1603 τῇ
1476 1508 1572 1598 πρὸς

380 1611 561 1696 ἀλλήλους,
585 1633 649 1677 ιιοιι
669 1615 778 1676 utitur.
816 1615 969 1676 Deinde·
960 1635 993 1676 ιιι
1014 1636 1191 1703 τριφωσης
1205 1609 1329 1689 πολεως
1343 1616 1571 1699 descriptione
1624 1648 1625 1677 ι

377 1721 539 1804 paulisper
559 1717 787 1792 immoretur,
778 1739 811 1781 ιιι
834 1737 871 1781 ea
894 1718 989 1781 etiam
1010 1715 1159 1780 iustitiam
1181 1716 1428 1812 iniustitiamque
1453 1737 1490 1781 se
1513 1718 1572 1781 in-
1625 1746 1626 1811 q

381 1827 495 1906 degaro
517 1822 599 1885 velle
620 1819 787 1900 simulans3
811 1819 868 1884 sed
889 1819 1013 1884 inventa
1035 1822 1112 1886 helli
1134 1821 1275 1902 origine,
1299 1819 1453 1903 singulari
1476 1821 1569 1885 mili·

379 1932 447 1991 tum
469 1923 579 1990 ordine
602 1945 681 2007 opus
703 1944 772 1989 esse
795 1923 1023 1999 demonstrans,
1045 1920 1109 1987 iam
1130 1929 1216 1988 totus
1233 1931 1280 1988 est
1295 1919 1568 2007 indescripti'one

378 2027 538 2116 perfectae
566 2027 716 2103 civitatis,
755 2029 796 2092 oh
829 2027 1058 2093 simulationem
1088 2026 1180 2092 toties
1208 2027 1375 2110 repetitam
1403 2027 1566 2092 iustitiam

380 2154 448 2199 esse
471 2131 557 2218 quod
579 2139 771 2217 quaerat-
793 2153 865 2195 nam
886 2131 920 2196 in
942 2130 1080 2214 perlecta
1102 2126 1196 2195 etiam
1214 2129 1359 2202 civitate,
1390 2130 1430 2195 ad
1460 2153 1566 2216 qnam

379 2239 544 2302 custodum
568 2233 683 2300 electio
703 2241 734 2298 et
756 2235 900 2298 educatio
922 2237 985 2298 iam
1006 2237 1174 2320 pertinent,
1198 2233 1346 2300 iustitiam
1362 2253 1396 2298 se
1411 2236 1565 2299 iuvenire

379 2361 474 2425 posse
495 2345 611 2425 sperat,
635 2374 676 2385 -
697 2357 761 2402 non
780 2336 1045 2403 animadvertente
1059 2359 1230 2424 quoquam,
1254 2359 1347 2424 quam
1360 2337 1475 2404 callida
1489 2349 1563 2404 arte

380 2444 507 2518 texerit,
532 2449 682 2527 quorsum
705 2449 827 2525 spectet
848 2441 950 2507 omnis
965 2445 1076 2507 oratio.
1115 2443 1208 2519 Quod
1222 2449 1311 2511 tanto
1325 2442 1424 2525 magis
1441 2441 1562 2528 lugere

380 2564 510 2612 necesse
532 2546 591 2610 luit
611 2543 780 2631 legentium
803 2545 936 2621 animos,
960 2548 1050 2631 quia,
1074 2566 1170 2632 quum
1186 2567 1203 2610 a
1218 2545 1352 2610 iustitiae
1368 2548 1561 2631 quaestione

381 2653 421 2715 ad
443 2648 597 2714 civitatem
620 2650 722 2714 oratio
743 2649 934 2726 transiisset,
967 2671 985 2713 a
1014 2648 1218 2713 describenda
1245 2647 1383 2734 perlecta
1401 2649 1558 2726 civitate,

373 2755 640 2854 quemadmodum
662 2753 873 2828 ostendimus,
909 2749 1132 2840 philosophus
1149 2756 1282 2818 multum
1311 2756 1422 2821 abesse
1451 2753 1560 2819 rideri

376 2863 511 2964 poterat.

464 2962 543 3028 Tum
566 2959 673 3026 dicens
696 2957 735 3025 de
754 2960 940 3026 educatione
954 2953 1080 3026 difficile
1095 2980 1164 3025 esse
1179 2961 1223 3025 ait
1235 2959 1399 3026 meliorem
1414 2961 1558 3048 aliquam

376 3065 537 3138 invenire
566 3085 659 3150 quam
689 3083 769 3149 quae
798 3064 949 3154 temporis
978 3067 1116 3130 decursu
1137 3064 1264 3130 inventa
1283 3064 1344 3141 sit3
1380 3082 1451 3128 esse
1473 3085 1557 3130 vero

262 3178 263 3186 ’
378 3169 600 3255 gymnasticam
622 3175 655 3230 et
674 3167 844 3242 musicam,
876 3189 1008 3253 quarum
1029 3167 1082 3232 illa
1104 3188 1238 3253 corpora
1260 3167 1462 3244 excolantur,
1492 3172 1556 3233 hac

378 3271 485 3337 animi.
530 3269 578 3335 Ad
606 3273 757 3335 musicam
785 3273 946 3356 pertinere
975 3293 1171 3348 sermonem,
1202 3274 1289 3340 cuius
1312 3270 1430 3357 duplex
1452 3280 1555 3357 g'enus

377 3377 433 3450 sit,
462 3394 572 3441 verum
600 3382 693 3458 atque
721 3371 847 3442 falsum.
891 3373 983 3441 Falso
1000 3379 1164 3442 'sermonis
1185 3378 1292 3460 generi
1315 3378 1440 3461 mythos
1462 3378 1556 3445 sahu-

375 3479 486 3564 lasque
515 3485 668 3544 accenset.
713 3475 805 3540 Prius
833 3485 938 3542 autem
965 3483 1078 3566 mythis
1106 3479 1285 3565 lahutisque
1305 3481 1440 3549 infantes
1462 3482 1554 3544 insti·

376 3586 423 3647 tui
445 3601 538 3668 quam
561 3579 742 3672 gymnasiis,
767 3588 797 3645 et
819 3601 931 3667 magna
953 3585 1004 3647 hic
1025 3605 1106 3667 opus
1128 3603 1195 3648 esse
1217 3583 1374 3659 cautione,
1399 3581 1552 3670 qnoniam

376 3692 493 3750 tenera.
507 3692 607 3750 aetate
628 3685 766 3749 maxime
787 3685 942 3752 formetur
964 3699 994 3753 et
1015 3690 1164 3755 induatur
1182 3686 1328 3763 habitus,
1362 3710 1459 3773 quem
1480 3689 1551 3772 quis

376 3789 454 3854 velit
474 3788 669 3875 imprimere.
715 3793 824 3876 Itaque
848 3794 1072 3855 examinandos
1093 3812 1161 3856 esse
1183 3799 1349 3874 poetarum
1371 3791 1497 3876 mythos
1519 3799 1551 3856 et

377 3894 576 3975 recipiendos
604 3896 709 3958 honos
736 3901 874 3970 tantum,
904 3897 1019 3979 quibus
1040 3897 1179 3962 nutrices
1200 3915 1241 3960 ac
1256 3904 1373 3962 matres
1395 3894 1548 3961 infantum

376 3996 498 4062 animos
518 3993 646 4080 fingant.
691 3998 827 4061 Maiores
849 3999 946 4081 igitur
967 3999 1098 4061 Homeri
1120 4001 1315 4084 Hesiodique
1330 4003 1454 4087 mythos
1474 4021 1549 4064 exa·

376 4100 509 4176 minans,
534 4102 680 4185 quoniam
704 4099 832 4164 eaedem
854 4103 887 4164 in
900 4098 1047 4183 'minores
1070 4103 1165 4166 etiam
1183 4103 1308 4188 mythos
1322 4106 1409 4188 leges
1424 4106 1544 4178 cadant,

374 4201 453 4269 vitio
474 4202 513 4266 iis
534 4205 660 4279 vertit,=
676 4205 761 4289 quod
791 4202 830 4270 de
861 4206 920 4268 diis
943 4213 974 4267 et
994 4205 1146 4270 heroibus
1167 4203 1249 4272 male
1266 4205 1399 4290 'fingant
1444 4209 1544 4291 Atque

378 4327 490 4373 eorum
511 4311 604 4373 etiam
626 4328 705 4395 quae
726 4312 786 4375 hoc
807 4307 880 4372 loco
901 4306 1099 4391 disputantur
1119 4310 1191 4376 fons
1213 4317 1260 4376 est
1280 4310 1409 4376 iustitia.
1443 4309 1492 4374 Cf.
1514 4331 1542 4396 p.
