3334 5142
868 374 1014 439 -‘1ttt
1056 407 1096 436 ι,-

388 556 427 620 yc
447 534 620 620 βέλτιστα,
648 533 736 625 εἴπερ
757 528 900 611 δυνατὰ,
921 534 1038 611 ἱκανῶς
1059 534 1092 601 έν
1113 533 1183 621 τοῖς
1195 528 1401 622 ἔμπροσθεν’,
1421 524 1466 609 ὥς
1480 515 1560 621 ἐγῷ-

388 663 468 725 μαι,
496 632 692 724 διήλθομεν.
730 631 862 716 Ἱκανῶς
888 630 963 727 γάρ.
1004 636 1078 705 Νῦν
1106 631 1163 717 δὴ,
1183 629 1236 713 Λὡς
1262 632 1362 714 ἔοικε,
1390 632 1560 720 ξυμβαίνει

389 735 468 829 ἡμῖν
486 740 638 833 περὶτῆς
650 740 863 828 νομοθεσίας
884 736 1006 830 ἄριστα
1032 746 1093 828 μὲν
1117 728 1252 807 sinesii
1278 740 1429 825 λέγομεν,
1458 731 1490 803 εἰ
1507 738 1562 823 γέ-

388 866 499 925 νοιτο,
528 838 691 937 ιχαλὶεπόι
724 846 766 910 δὲ
796 846 1022 930 γενέσθαι,
1054 837 1100 909 oni
1120 845 1263 931 μέντοι
1284 834 1475 907 ἀδόνατοί
1503 863 1561 925 με.

390 940 569 1034 Ξυμβαίνιι
590 942 672 1039 peip,
701 946 776 1039 ἔφη.
812 945 860 1012 cl.
880 967 914 1034 p.
937 950 1012 1013 502.
1035 949 1083 1013 in.
1101 948 1145 1013 St.
1187 946 1273 1011 Haec
1302 946 1429 1031 quidem
1454 944 1564 1010 omnia

388 1053 564 1119 msccrnda
582 1049 687 1118 iurent
707 1049 790 1117 siin
811 1052 990 1170 quaerenda
1011 1051 1128 1117 institia
1149 1051 1279 1141 eiusque
1293 1055 1406 1115 natura
1420 1055 1453 1115 et
1465 1066 1563 1131 prae·

388 1154 464 1231 mita
485 1154 626 1240 dialogus
647 1161 839 1232 versaretur,
862 1162 895 1221 et
915 1154 943 1220 si
962 1155 1097 1223 institiae
1113 1153 1221 1241 solnm¹
1242 1150 1446 1239 explicandae
1466 1170 1565 1215 causa

388 1256 579 1343 Respublica
597 1255 841 1325 δενπίίνετοίοτ.
885 1262 964 1325 Nam
986 1257 1061 1344 qrrid
1082 1266 1150 1325 tnm
1171 1259 1333 1324 attinebat
1338 1259 1467 1332 docere,
1491 1251 1565 1347 fieri

390 1380 432 1427 ea
451 1382 557 1447 posse,
581 1372 613 1430 et
632 1384 697 1449 quo
717 1366 813 1431 modo
832 1360 903 1428 fieri
923 1362 1045 1449 possint
1059 1360 1247 1433 ostenderet
1268 1364 1339 1447 Non
1353 1358 1439 1425 aliud
1455 1342 1566 1424 tamen

390 1467 545 1550 spectarit
571 1465 678 1545 Plato,
713 1488 811 1563 qnnm
841 1466 971 1532 doceret
996 1464 1066 1533 lieri
1092 1486 1208 1551 posse,
1235 1440 1459 1549 utaliquando
1481 1482 1566 1527 uuus

391 1588 544 1653 eregnm
563 1567 636 1637 liliis
656 1572 863 1658 philosophus
884 1568 954 1648 liat,
984 1590 1044 1635 nec
1064 1572 1180 1640 mirum
1202 1568 1289 1643 iore,
1317 1570 1345 1633 si
1367 1564 1486 1633 subditi
1509 1584 1567 1631 vo·

385 1669 503 1738 -luntati
530 1671 598 1739 eins
624 1683 774 1761 pareant,
802 1677 898 1760 leges.
916 1670 1030 1741 ierenti
1057 1694 1111 1739 eas
1132 1694 1211 1760 quas
1232 1680 1324 1739 antea
1345 1667 1563 1757 descripserit.

388 1777 432 1841 Et
450 1797 492 1841 ne
512 1796 594 1863 opus
615 1779 744 1863 quidem
765 1786 833 1848 crat
852 1781 931 1844 haec
949 1780 1066 1845 docere
1076 1824 1087 1856 ,
1119 1776 1146 1843 si
1166 1775 1465 1865 praestantissimam
1487 1771 1567 1839 civi-

390 1885 499 1957 itttm,
522 1902 604 1966 qnae
624 1890 736 1949 nmen.
749 1884 882 1969 eogitari
903 1884 1101 1949 solummodo
1122 1901 1188 1949 non
1209 1878 1278 1946 fieri
1299 1885 1420 1963 posset,
1444 1875 1566 1943 descri-

385 1983 470 2049 -berc
492 1983 653 2051 voluisset.
696 1989 775 2053 Rem
797 1986 841 2051 itn
862 2006 931 2053 esse
952 1987 1027 2070 ipse
1041 1984 1128 2051 Plato
1150 2004 1187 2051 re
1207 1982 1365 2069 lacque,
1381 1983 1513 2059 itinere
1526 1982 1568 2045 ad

389 2084 574 2172 Dionysium
595 2087 718 2155 Siciliae
744 2096 912 2176 mannum
932 2088 1125 2176 reipublicae
1146 2086 1355 2170 instituendae
1377 2106 1475 2151 causa
1497 2104 1568 2151 sns-

389 2197 495 2277 cepto,
518 2190 744 2279 comprobavit.
785 2192 866 2263 Vide
887 2192 1052 2260 nobiscnm
1073 2194 1106 2258 in
1126 2191 1177 2259 his
1199 2192 1446 2257 consentientem
1462 2191 1497 2257 C.
1509 2191 1565 2254 Fr.

390 2294 606 2361 Hermannnm
626 2298 661 2361 in
679 2295 821 2364 Historia
840 2295 1060 2384 philosophiae
1079 2293 1259 2363 Platonicae
1278 2314 1310 2382 p.
1333 2296 1384 2361 06.
1407 2312 1478 2381 sqq.
1518 2292 1570 2364 C..

387 2394 488 2467 elium
506 2399 590 2485 legg.
610 2398 668 2467 lin.
691 2403 745 2472 lv.
767 2420 799 2489 p.
820 2404 896 2469 709.
920 2408 1002 2469 extr.
1024 2402 1071 2467 St.

832 2716 1123 2783 mom
1189 2756 1231 2780 ..

415 2916 571 2982 Isztam
598 2887 877 3003 quanticum-p
906 2920 987 2997 500,
1026 2918 1062 2985 G.
1094 2919 1140 2984 St.
1170 2881 1287 3003 excipit
1313 2914 1394 2984 alia.
1437 2909 1568 2983 Οὐκοῦν

388 2961 502 3101 inscii]
524 3019 626 3087 τοῦτο
644 3044 741 3107 μαγις
756 3020 881 3099 τέλος
862 3044 942 3110 eope
964 3018 1012 3088 τό
1036 3021 1233 3096 ἐπίλοιπα
1254 3016 1311 3101 δὴ
1308 3014 1419 3109 μετὰ
1443 3018 1567 3085 τοῦτο

392 3124 579 3201 λεκτέον,
607 3122 682 3191 τίνα
709 3118 834 3214 τρόπον
862 3118 939 3210 ἡμῖν
964 3129 1019 3191 καὶ
1047 3124 1197 3193 ἐκτίνων
1217 3117 1432 3226 pronepotes
1453 3146 1489 3189 τε
1510 3124 1568 3189 καὶ

394 3220 657 3314 ἐπιτηδευμάτων
684 3230 717 3294 οἱ
744 3228 887 3319 σωτῆρες
912 3229 1077 3297 ἐνέσονται
1105 3228 1163 3310 τῆς
1186 3228 1370 3308 πολιτειας,
1398 3230 1455 3295 καί
1480 3222 1569 3293 κατὰ

283 3419 287 3432 1
394 3328 493 3407 ποίας
527 3324 711 3412 ἡλικίας
692 3353 826 3399 εκαστοι
861 3325 1004 3400 ἑκάστων
1024 3325 1234 3417 ἁπτόμενοις.
1264 3333 1408 3423 Λεκτέον
1441 3333 1568 3419 μέντοι,

395 3430 471 3527 ἔφη.
518 3429 630 3515 Οὐδὲν,
586 3419 785 3515 ὲῆνδΗ
769 3430 845 3520 εγὼ,
875 3430 913 3500 τό
935 3428 1044 3529 σοφόν
1063 3459 1122 3523 μοι
1142 3436 1272 3524 ἐγένετο
1281 3430 1351 3519 τήν
1367 3459 1401 3505 τε
1423 3435 1489 3501 τῶν
1510 3460 1568 3521 yo-

395 3535 517 3606 ναικῶν
537 3536 597 3620 τῆς
617 3558 758 3619 κτησεως
779 3540 969 3659 δυσχέρειαν
992 3540 1024 3606 ἐν
1045 3563 1090 3605 τω
1075 3526 1516 3661 πρόσθενπαραλιπόντι
1512 3542 1568 3604 καὶ

320 3723 323 3728 ‚
392 3640 613 3727 παιδογονίαν
632 3644 688 3707 καί
709 3636 853 3722 τὴντῶν
874 3636 1040 3733 ἀρχόντων
1060 3637 1275 3723 κατάστασιν,-
1298 3636 1409 3723 εἰδότι,
1434 3636 1478 3720 oie
1500 3642 1569 3709 έπί-

388 3740 536 3836 ,πιθανός
553 3766 591 3813 τε
611 3750 666 3813 καὶ
684 3741 810 3864 χαλεπὴ
831 3741 1048 3868 γίγνερθαι
1030 3772 1050 3829 η
1071 3746 1237 3825 παντελῶς
1256 3741 1402 3828 ἀληθής·
1423 3747 1482 3813 νῦν
1503 3744 1568 3834 μόρ

369 3900 372 3905 .
398 3838 536 3917 οὐδὲν
514 3871 614 3931 ηττον
633 3834 778 3931 ἦλθε
744 3874 783 3915 το
805 3852 873 3917 δεῖν
894 3845 981 3917 αὐτοὶ
1004 3851 1162 3937 διολθειν.
1201 3850 1287 3917 Καὶ
1284 3846 1341 3916 τό
1360 3855 1420 3936 μὲν
1441 3846 1482 3930 δὴ
1505 3850 1569 3916 τῶν

394 3953 562 4038 γυναικῶν
586 3976 621 4020 τε
648 3957 704 4019 καὶ
727 3949 854 4020 παίδων
874 3956 1089 4044 πεπέρανται,
1115 3948 1154 4021 τό
1176 3936 1212 4020 δέ
1232 3944 1295 4021 τῶν
1316 3946 1484 4047 ἀρχόντων
1506 3944 1569 4021 όίσ-

398 4079 460 4147 περ
490 4050 570 4137 έξ’
550 4054 653 4145 αρχῆς
678 4059 853 4145 μετελθεῖν
872 4058 931 4125 δεῖ.
974 4059 1063 4136 Quae
1088 4054 1200 4135 adhuc
1211 4055 1386 4123 dictasunt
1407 4056 1447 4123 do
1468 4058 1569 4142 magi-

399 4153 550 4237 stratibus
577 4161 667 4247 seqtri
694 4160 841 4227 ridentem
868 4180 910 4238 ex
936 4154 1198 4254 praecedentibus
1224 4167 1258 4227 et
1277 4166 1424 4261 nuquam
1444 4160 1570 4246 integra

401 4282 513 4330 eornm
532 4283 608 4352 pars
628 4284 710 4333 esse.
752 4251 873 4334 Eodem
901 4268 997 4334 modo
1018 4284 1054 4335 se
1073 4284 1126 4333 res
1138 4264 1242 4339 natet
1261 4282 1332 4335 cnm
1351 4264 1567 4352 sequentihus,
