3334 5142
603 398 834 477 -ιοι-
963 498 965 501 ¹

128 568 185 634 καὶ
215 561 248 633 τί
275 556 434 645 ἀλλήλοιν
462 474 674 687 διαφέρετον,
705 564 762 631 καὶ
780 553 930 657 πότερον
957 560 1010 627 dci
1024 555 1225 677 ssndqdnc
1248 550 1317 625 τὸν.

128 670 292 755 pillunc
319 660 498 755 εὐδαίμονα
515 656 625 747 εἶναι,
656 658 716 732 ἐάν
738 689 773 732 ne
800 656 1036 757 λανθάνηέάν
1058 656 1158 749 τιμὴ
1180 654 1307 739 πάντας

128 766 236 850 θεούς
268 795 302 839 τι
334 776 389 840 καὶ
422 764 639 861 memnone.
674 789 722 855 Ρ.
735 772 823 848 dil,
854 772 894 837 D.
923 770 970 842 St,
1023 768 1112 833 Idem
1144 763 1309 831 confirmat

129 872 567 946 Schleier'macherusintrod.
582 895 616 962 Ρ
634 876 708 967 20..
735 876 863 960 «Atque
878 872 1174 957 hocqnidemloco,
1198 872 1308 935 adum·

128 984 220 1045 brata
240 982 468 1066 quadamtenus
489 977 628 1054 civitate,
651 980 745 1055 tertia
766 976 874 1065 operis
894 996 967 1069 pars
982 976 1101 1073 incipit,
1123 976 1198 1039 satis
1212 970 1309 1059 signi-
1420 976 1423 983 '

129 1081 222 1148 licata
243 1104 284 1149 eo
306 1081 391 1169 quod
411 1084 594 1152 Adimantus
615 1102 680 1147 non
700 1079 830 1147 fratrem
852 1078 966 1157 solum,
990 1084 1046 1145 sed
1067 1078 1307 1167 Polemarchum

129 1189 226 1253 etiam
248 1195 280 1253 et
301 1186 469 1276 reliquos
461 1206 571 1253 omnes
593 1189 749 1251 advocare
770 1184 962 1255 iubetur.»

214 1295 281 1357 lam
301 1312 367 1358 non
387 1273 553 1357 defuturos
568 1288 713 1355 arbitror
734 1310 790 1375 qm
780 1288 1055 1374 reprehendant,
1079 1289 1165 1374 quod
1178 1234 1306 1353 tertium

127 1398 249 1463 librum
269 1396 345 1461 satis
366 1402 438 1487 apte
460 1416 480 1459 a
499 1393 623 1481 reliquo
645 1414 792 1459 sermone
813 1394 954 1479 separari
976 1394 1128 1467 dicamus,
1152 1398 1185 1457 et
1199 1398 1306 1457 tamen

128 1496 448 1585 novae-quaestionis
468 1497 592 1564 initium
612 1518 677 1562 non
698 1499 732 1562 in
753 1497 840 1562 tertii
861 1494 935 1564 libri
956 1494 1226 1575 fiuemincidere,
1250 1497 1308 1561 sed

127 1607 192 1671 hoc
213 1606 341 1684 demum
361 1604 434 1667 loco
456 1621 526 1667 esse
546 1608 730 1672 statuamus.
774 1602 839 1667 Sed
865 1608 1044 1689 utrumque·
1059 1608 1149 1667 recte
1172 1597 1307 1668 affirma-

127 1729 219 1776 mus.
251 1711 333 1788 -Nam
362 1723 491 1771 summo
507 1704 646 1787 *consilio
668 1704 857 1783 factumest
877 1702 1062 1781 a-Platone,
1096 1711 1132 1770 ut
1152 1724 1309 1788 nouarum

129 1813 353 1899 quaestionum
373 1808 524 1898 initia-ne
544 1829 670 1895 semper
690 1808 728 1897 51¹,
746 1810 816 1893 ipsa
836 1803 990 1876 librorum
1011 1806 1100 1875 initia
1120 1806 1308 1875 inciderent.

128 1917 326 2003 Atteruntnr
345 1912 431 1980 enim
444 1899 545 2001 saepo
566 1933 632 1981 non
653 1932 772 1997 pauca,
801 1898 867 2006 quo
890 1914 1038 1979 transitus
1060 1913 1100 1977 ab
1122 1930 1192 1989 una
1205 1914 1242 1977 re
1265 1914 1307 1979 ad

128 2019 224 2086 aliam
245 2016 349 2084 lenior
368 2014 438 2097 liat,
469 2016 601 2103 ipsaque
630 2020 736 2103 operis
756 2018 791 2081 in
811 2022 918 2102 partes
940 2023 973 2083 et
993 2026 1142 2100 tanquam
1164 2018 1308 2089 membra

129 2145 190 2191 sua
211 2119 391 2189 distributio
412 2122 697 2209 minusappareat
741 2118 835 2198 Quod
849 2140 944 2207 quam
964 2124 1137 2205 prudenter
1150 2118 1307 2191 leceritet

129 2226 252 2311 dialogi
271 2223 429 2316 condendi
444 2223 599 2312 artisque
615 2224 739 2309 legibus
760 2222 995 2297 accommodate
1016 2222 1109 2299 facile
1130 2230 1225 2313 patet
1260 2210 1308 2293 ¹Id

128 2331 230 2417 igitur
249 2337 361 2410 nostro
383 2331 479 2404 etiam
498 2330 572 2395 loco
592 2326 710 2394 lactum
724 2336 783 2406 est,
785 2370 794 2383 .·
807 2330 1071 2417 quemadmodum
1086 2330 1216 2396 secundi
1230 2328 1307 2396 libri

128 2436 221 2501 initio
248 2436 367 2502 saonen
393 2431 537 2503 vidimus.
578 2435 658 2498 Nam
677 2453 726 2499 ea
753 2454 835 2518 quae
864 2430 968 2517 quarti
995 2431 1089 2499 huius
1114 2430 1188 2500 libri
1214 2434 1306 2499 initio

129 2545 322 2612 tractamur,
353 2556 554 2626 quorumque
581 2543 800 2646 argumentum
822 2555 895 2603 cum
914 2534 1034 2613 lectore
1061 2535 1306 2603 communicavi·
1368 2542 1369 2545 ’

130 2664 219 2721 mus,
249 2663 315 2709 non
336 2644 377 2708 ad
396 2661 512 2707 novam
532 2639 670 2726 aliquam
691 2624 909 2726 quaestionem
928 2641 1104 2727 pertinent,
1136 2643 1209 2726 sed
1221 2639 1307 2713 clau-

131 2750 212 2814 dunt
232 2766 314 2832 quae
335 2742 443 2831 priore
463 2743 546 2815 libro
569 2744 711 2834 quaesita
731 2751 830 2820 erant,
853 2752 884 2809 et
904 2764 1005 2809 novae
1026 2741 1219 2831 quaestionis
1238 2750 1307 2809 tan-

131 2851 367 2937 quam-aditum
387 2850 542 2938 aperiunt.
594 2852 674 2916 Nam
701 2869 783 2933 quae
803 2848 864 2914 hoo
885 2846 957 2925 loco
979 2850 1021 2913 do
1043 2851 1209 2929 custodum
1230 2850 1306 2913 bea-

131 2954 297 3033 titate„de
317 2952 408 3019 bellis
429 2954 589 3036 gerendis,
601 2955 652 3039 ‘de
674 2951 809 3034 civitatis
829 2952 1045 3040 magnitudine
1067 2959 1160 3039 atque
1175 2953 1306 3019 interitu

86 3059 92 3071 '
131 3060 311 3134 traduntur,
335 3078 374 3121 ea
395 3057 563 3124 omniaor
581 3058 686 3142 prima
705 3057 765 3126 ista
786 3055 970 3141 quaestione
991 3058 1032 3121 de
1053 3045 1328 3125 custodumhea?
1399 3049 1401 3053 ’

132 3164 230 3237 titate,
253 3157 431 3252 prolluuut,
450 3167 488 3239 et
507 3158 660 3225 iudicium
681 3162 721 3225 de
742 3158 873 3228 civitate
889 3160 952 3225 iam
974 3158 1109 3227 condita·
1122 3161 1302 3237 continent,

133 3268 220 3351 quod
242 3263 402 3348 descripta
422 3265 549 3344 demum
571 3263 696 3332 ciuitate
716 3263 890 3334 terendum
904 3254 973 3329 fuit.
998 3264 1047 3329 'Id
1061 3270 1176 3339 autem,
1194 3265 1227 3335 ,si
1239 3272 1303 3329 nno

132 3371 235 3437 verbo
256 3387 326 3433 rem
346 3366 512 3435 absoluere
533 3365 691 3443 volueris,
719 3371 781 3433 lroc
809 3366 904 3435 erit:⁴
923 3366 1126 3461 Varcdcutam
1150 3390 1210 3435 ease
1228 3370 1306 3433 lunc

132 3474 298 3547 ιίιλιιλιιιι,
319 3492 379 3537 ncc
399 3472 629 3552 uenenarium,
657 3470 774 3538 utalia
795 3470 890 3537 etiam
911 3470 1095 3555 addantur,
1115 3468 1195 3559 quae
1216 3491 1307 3557 prae·

133 3585 221 3643 terea
235 3574 386 3661 explicari
406 3592 501 3659 posse
521 3573 697 3650 videantur.
741 3576 791 3641 lta
809 3573 860 3639 his
881 3574 1013 3641 civitatis
1028 3574 1232 3662 descriptioni
1252 3575 1307 3643 ab·

133 3679 256 3757 solutae
276 3687 433 3763 tanquam¹
446 3677 627 3765 coronidem
647 3679 786 3763 imponi,
810 3680 992 3766 aditumque
1014 3681 1190 3761 ad-novam
1211 3699 1307 3768 quae·

133 3782 271 3850 ctionem
289 3780 360 3847 tieri
379 3788 476 3869 patet.
521 3784 617 3861 Quod
635 3784 680 3847 ita
694 3802 770 3858 ¹csse
791 3782 886 3859 etiam
898 3786 981 3864 inde
1002 3784 1209 3871 perspicitur,
1226 3785 1307 3870 quia

134 3889 242 3963 Plato,
271 3906 368 3973 quum
390 3884 563 3962 docuisset,
593 3906 659 3951 non
684 3906 763 3974 opus
785 3906 854 3953 esse
870 3890 1199 3980 reliquarum-rerum
1219 3888 1313 3975 leges,

134 3988 251 4066 fene,
268 4010 310 4055 ne
329 4008 434 4055 ‘unam
457 3992 593 4075 ,quidem
614 3989 770 4077 reliquam
798 4012 867 4059 esse
896 3992 1093 4078 dicitlogem
1113 4010 1212 4080 quam
1229 3991 1307 4060 terri

135 4100 293 4176 oporteat,
305 4101 480 4179 postquam⁸
493 4092 532 4158 dc
553 4085 738 4172 educatione
759 4094 876 4163 civium
898 4095 1014 4161 dictum
1035 4099 1085 4163 sit
1126 4101 1207 4175 ¹Nam
1226 4118 1307 4184 quse

126 4200 176 4261 ¹de
193 4196 350 4281 religione
371 4194 602 4273 dicenda-sint,
623 4219 672 4263 ‘ea
691 4201 754 4273 huc
773 4219 840 4264 non
860 4202 1021 4285 pertinere
1043 4208 1075 4266 et
1096 4194 1312 4287 relinquenda·

134 4299 290 4388 Delphico
305 4302 436 4379 λιιι-
448 4301 600 4391 ,Superest
619 4299 722 4378 adhuc
742 4323 806 4372 une
824 4323 890 4383 res,
913 4324 1009 4396 quam
1021 4307 1083 4379 hoc
1095 4304 1165 4375 loco
1177 4304 1306 4385 silentio
