3334 5142
715 391 718 394 .
727 388 731 395 .

152 566 277 629 σείεται
300 577 394 629 usum
413 562 513 629 fuisse
534 578 716 636 censemus,
739 558 774 625 in
787 559 961 630 verborum
973 554 1206 641 explicatione,
1234 560 1323 631 cuius

152 669 223 750 ipse
245 664 452 752 philosophus
475 662 639 731 materiam
661 659 828 750 praebuit,
851 658 1020 729 subsistere
1045 679 1141 746 quam
1170 660 1330 731 inanem

151 770 213 855 ipsi
245 773 401 837 sententia
429 767 629 836 obtundenda
650 765 824 851 periclitari
864 764 1049 842 malumus,-
1068 784 1126 834 nec
1158 767 1218 837 nisi
1249 766 1328 835 illud

152 868 325 938 affirmare*
338 872 510 950 audemus,
539 872 657 938 nnllam
690 871 790 955 magis
822 866 866 937 ob
894 888 1020 935 causam
1052 868 1213 939 Platonem
1245 872 1329 939 hunc

150 973 257 1042 lucum
281 978 371 1064 operi
401 998 458 1042 suo
483 978 672 1056 intonuisse,
700 994 797 1058 qnam
825 980 863 1039 ut
880 972 1034 1039 -hcmines
1062 974 1103 1040 ad
1125 975 1325 1043 arithmetica

147 1077 255 1145 studia
272 1083 564 1165 accusationemque
584 1098 790 1145 numerorum
812 1068 1024 1161 coguitionem
1053 1080 1254 1143 accenderet.
1297 1080 1330 1146 Is

152 1184 237 1248 cuim
256 1186 344 1269 quud
365 1178 685 1268 uolris'responcisse
702 1182 821 1257 fertur,
843 1181 899 1265 qui
914 1182 1017 1264 ipsum
1032 1178 1072 1247 de
1095 1177 1167 1247 cubi
1190 1174 1329 1267 duplica·

151 1287 238 1352 tinne
252 1285 370 1354 oraculi
377 1286 520 1370 Delphici
538 1307 693 1373 responso
707 1282 857 1372 imposita
872 1283 1110 1361 consuluerant,
1124 1283 1178 1355 ,itlt
1200 1304 1331 1373 quoquc

150 1408 362 1478 responsurus
374 1391 472 1455 fuisse
486 1388 624 1467 videtur,
646 1391 703 1476 qui
714 1410 790 1457 eum
809 1386 850 1455 de
866 1386 960 1455 huius
974 1387 1099 1457 numeri
1112 1390 1215 1456 causis
1229 1390 1327 1457 inter·

151 1500 295 1579 rogasset
318 1491 529 1579 ambagesque
554 1494 686 1561 miratus
710 1499 827 1570 essetf
842 1488 957 1579 quibus
980 1500 1045 1559 tnm
1064 1490 1237 1579 simplicem
1258 1512 1327 1566 ram

151 1595 427 1668 circumdedisset:
450 1595 496 1685 μὴ
519 1598 618 1664 τοῦτο
639 1599 777 1664 οἴεσθαι
796 1596 917 1685 χρῆναι,
938 1599 1061 1663 ποθεῖν
1085 1592 1207 1677 αὐτὸν,
1239 1591 1327 1663 ἀλλὰ

151 1694 370 1787 προστάσσειν
381 1690 520 1782 Ἕλλησι
541 1701 641 1781 πᾶσι,
663 1701 808 1788 πολέμου
822 1704 879 1766 καὶ
892 1699 1001 1767 ιιαιιῶν
1014 1701 1218 1787 μεθεμένους
1232 1694 1328 1767 Μού-

151 1824 229 1880 σαις
249 1796 375 1921 ὁμιλεῖν
387 1808 449 1871 καὶ
471 1798 655 1889 διαλόγων
675 1808 732 1869 καὶ
754 1800 823 1870 διὰ
839 1797 1054 1892 μαθημάτων
1079 1798 1133 1871 τῶ
1142 1797 1243 1885 πάθη
1266 1826 1327 1869 κα

152 1900 565 1992 ταιτραῦνονταςῶβλαβῶς
577 1911 634 1973 καὶ
648 1900 819 1994 ὠφελίμως
833 1901 988 1989 ἀλλήλοις
1003 1909 1252 2033 συμφέρεσθαι.
1263 1914 1302 1972 ct.
1304 1904 1326 1992 *)

154 2007 326 2080 ctinnioc.
343 2009 446 2091 lectt
452 2012 548 2075 Acad„
568 2005 730 2093 blarburg.
743 2030 783 2075 a.
799 2012 892 2075 1833.

111 2122 119 2135 ·
235 2116 598 2190 Necverellermannue,
614 2090 1327 2195 neasnivercumloeiacnmenintrinmenimi

88 2274 91 2278 ,
152 2218 289 2300 partium
307 2238 379 2283 cnm
395 2225 532 2302 quatuor
547 2213 716 2284 virtutibus
727 2213 945 2283 cardinalibus
964 2219 1184 2284 coniunctione
1205 2221 1329 2305 quaesi·

151 2339 236 2387 ruse
246 2318 383 2394 tramdrt
398 2327 550 2386 neerecte
560 2320 724 2386 moralium
734 2318 970 2404 allegcmarum
986 2322 1226 2405 quaedicantur,
1235 2342 1326 2392 usum

154 2420 239 2504 epud
252 2421 485 2509 Pythagoreum
497 2432 530 2489 et
540 2423 701 2489 Platonem
713 2422 904 2507 repudiarit.
948 2428 1026 2491 Nam
1041 2427 1161 2511 Pythag
1162 2445 1274 2491 oraeos
1287 2428 1327 2491 iis

151 2544 228 2591 usus
243 2546 314 2593 esse
328 2526 638 2593 cunstatbristotelis
652 2528 842 2607 testimonio,
856 2530 930 2596 Met
942 2529 980 2593 A
993 2532 1024 2596 5.
1039 2526 1118 2596 trec
1104 2534 1207 2609 ὲτοῖς
1221 2525 1329 2621 ἁριθ·

153 2632 230 2717 μοῖς
240 2623 376 2698 ἐδόκουν
390 2626 560 2722 θεωρεῐν“
544 2625 739 2718 ομοιῶματα
753 2626 862 2752 mullei
877 2636 946 2709 τοῖς
956 2618 1034 2698 οὖσι
1044 2637 1100 2699 καὶ
1110 2636 1325 2719 γιγνομένοις,

151 2729 307 2819 μᾶλλον
293 2758 314 2812 η
307 2727 359 2799 ἐν
372 2738 448 2823 πυρὶ
464 2739 518 2800 και
527 2736 568 2829 γῇ
582 2758 637 2800 και
627 2724 794 2813 ὕδατι,“
775 2757 827 2799 οτι
838 2758 879 2799 το
864 2729 948 2821 μὲν
963 2736 1139 2801 τοιονδι
1095 2757 1158 2807 τῶν
1168 2731 1326 2828 ἀριθμῶν

46 2882 49 2885 -
152 2828 270 2955 πρὶθος
291 2831 501 2919 δικαιοσύνη,
523 2835 561 2904 τὸ
581 2839 617 2905 δὲ
639 2839 763 2905 τοιονδὶ
781 2832 873 2931 ψυχὴ
895 2840 951 2903 καὶ
966 2836 1060 2918 νοῦς,
1081 2839 1188 2927 ἕτερον
1202 2840 1237 2905 δὲ
1252 2864 1326 2907 και

153 2934 212 3030 ρὸς
232 2935 289 3005 καὶ
310 2939 374 3006 τῶν
395 2935 545 3007 ἄλλων(
524 2966 567 3019 ως
588 2936 687 3008 εἰπεῖν
713 2943 853 3009 ἕκαστον
874 2934 1003 3025 ὁμοίως.
1046 2939 1118 3007 coll.
1136 2945 1209 3009 Met.
1232 2944 1270 3008 A
1292 2946 1324 3011 6.

153 3044 279 3128 οἱμὲν
297 3038 374 3132 γὰρ
390 3038 631 3141 Πυθαγόρειοι
657 3038 794 3132 μιμήσει
827 3038 872 3109 τῶ
902 3039 983 3110 ὄντα
1018 3047 1123 3137 φασὶν
1149 3034 1233 3113 εἶναι
1261 3048 1326 3114 τῶν

152 3141 322 3233 ἀριθμῶν.
364 3146 413 3213 Cf.
435 3155 601 3231 praeterea
627 3150 761 3213 Bttckbii
782 3145 1326 3230 Philolnump.ls3.192.;Bran·

152 3244 224 3313 «lis.-
241 3250 314 3314 hist
342 3248 419 3336 phil
447 3252 482 3326 1,
504 3252 579 3315 tro.
603 3270 648 3337 sq
680 3258 713 3319 et
736 3270 816 3338 quos
843 3246 888 3315 ibi
914 3249 1063 3321 laudarit.
1092 3250 1294 3323 Platonem
1284 3255 1325 3319 ris

150 3369 245 3416 nsum
268 3372 338 3417 esse
360 3354 436 3418 satis
457 3352 643 3420 nobilitatus
659 3353 777 3420 lucus
767 3374 802 3419 ru
821 3356 882 3419 hoc
907 3373 1022 3441 opere,
1035 3353 1100 3421 lib.
1129 3356 1187 3422 [x.
1202 3376 1233 3443 p.
1248 3359 1322 3441 667.

153 3453 190 3518 C.
206 3474 271 3539 οφ,
291 3452 419 3540 probat.
436 3456 483 3523 ct.
498 3454 725 3525 Schneidcrnm
746 3478 781 3541 p.
806 3460 986 3523 Lxxxxu
999 3478 1067 3547 sqq.
1089 3457 1191 3544 praei.
1207 3463 1247 3527 nd
1261 3461 1323 3529 vul.

150 3558 207 3623 ΙΙΙ.
227 3555 348 3624 liudem
371 3561 530 3643 pertinent
553 3562 647 3626 etiam
672 3560 751 3627 baec
771 3559 962 3628 Aristotelis:
994 3560 1100 3629 ἔτιδὲ
1122 3568 1179 3629 καὶ
1199 3559 1324 3647 ἄλλως,

149 3661 227 3727 νοῦν
246 3668 307 3746 μὲν
328 3658 366 3729 τὸ
386 3656 437 3743 ἓν,
459 3659 637 3751 ἐπιστήμην
655 3667 690 3731 δὲ
712 3659 847 3731 ructor
868 3666 1019 3753 μοναχῶς
1039 3661 1103 3756 γὰρ
1133 3667 1174 3757 ἐφ
1197 3669 1242 3735 ἐ’ν·
1265 3665 1323 3735 τὸν

151 3764 187 3830 δὲ
208 3765 269 3834 τοῦ
288 3764 441 3849 ἐπιπέδου
462 3764 629 3859 ἀριθμὸν,
650 3763 758 3849 δόξαν·
780 3769 945 3850 αἴσθησιν
967 3771 1002 3835 δὲ
1025 3758 1082 3837 τῶν
1096 3770 1157 3835 τοῦ
1179 3772 1322 3859 στερεοῦ.

152 3864 199 3933 cf.
216 3866 375 3939 Aristotel.
396 3872 439 3937 tle
460 3883 513 3935 an.
534 3873 559 3949 1¹,
584 3875 615 3946 3,
637 3874 735 3939 meti*
762 3872 822 3938 Cni
843 3870 979 3957 denique
1011 3870 1217 3959 persuadebit
1243 3873 1324 3943 Ηει·

150 3990 301 4049 mannus,
322 3971 439 4039 nullam
458 3976 564 4059 magis
584 3972 626 4041 ob
652 3986 779 4043 eausam
800 3974 964 4041 Platonem
994 3979 1079 4043 hunc
1101 3975 1207 4045 locum
1232 3978 1323 4062 operi

150 4092 211 4141 sno
233 4075 425 4171 intercisae?
456 4098 551 4166 qnam
581 4085 618 4145 ut
636 4080 782 4169 homines
811 4082 853 4147 ad
877 4077 1073 4159 arithmetice
1100 4078 1203 4151 studia
1231 4101 1323 4157 accu-

220 4301 244 4372 ·)
262 4303 304 4358 cr.
323 4273 618 4365 strennuum.
638 4308 715 4366 ται.
734 4313 759 4366 ε.
777 4310 806 4365 ι.
