3334 5142
897 418 1106 486 ..a-83...

411 577 528 657 camo,
551 581 591 645 de
614 579 779 646 custodum
796 559 955 646 ¹electione
976 589 1010 644 et
1030 577 1238 657 educatione,
1268 582 1307 646 de
1328 579 1599 666 magistratibus,

410 697 518 752 nonne
539 705 577 750 ea
597 692 768 768 propterea
790 682 978 760 dictasunt,
1001 693 1039 748 ut
1057 689 1109 750 hic
1132 684 1266 750 civitatis
1287 687 1386 761 ordo,
1411 707 1527 770 quem
1544 675 1600 750 iroc

409 791 518 876 mytho
553 785 755 874 significavit,
792 787 958 854 euenum?
1002 793 1171 854 Praeterea
1202 791 1391 875 interpretes
1423 793 1474 854 ad
1507 810 1600 852 unum

410 911 521 958 munes
549 894 583 958 in
606 913 648 959 eo
671 891 872 958 consentiunt
892 898 929 958 ut
948 893 1071 968 dicant,
1096 893 1260 959 Platonem
1281 894 1480 959 facultatum
1505 893 1598 957 animi

409 998 532 1064 rationo
560 993 667 1062 habita
694 1005 762 1062 tres
788 995 904 1063 cisium
932 996 1051 1062 classes.
1076 998 1195 1061 civitati
1222 996 1327 1062 inesse
1354 996 1526 1066 votuisse.
1567 1002 1599 1060 nt

346 1160 349 1165 .
409 1103 546 1168 vero-iu
571 1103 757 1187 quaestione
782 1103 822 1166 do
844 1089 1045 1166 omimium
1066 1100 1177 1165 unimi'
1191 1101 1301 1166 nititur
1328 1101 1438 1166 omnis
1471 1104 1518 1166 dc
1542 1105 1599 1166 vir·

407 1204 528 1294 tutibus
554 1208 707 1292 quaestio.
752 1206 800 1270 ct
820 1205 877 1270 ns.
899 1207 954 1280 VI,
977 1226 1011 1287 p.
1032 1205 1105 1280 sot,
1126 1209 1168 1269 da
1185 1212 1258 1291 sqq(
1268 1214 1303 1269 et
1314 1203 1369 1270 lib.
1384 1208 1449 1281 IV,
1478 1225 1514 1290 p.
1531 1206 1596 1278 ddi,

407 1311 447 1376 1).
469 1331 537 1397 sqq.
580 1293 644 1388 Qui
660 1311 767 1394 'igitur
793 1308 880 1375 credi
902 1316 1026 1392 potest,
1059 1329 1132 1373 cum
1154 1311 1302 1374 virtutem
1325 1308 1479 1375 voluisse
1503 1330 1596 1392 quae·

407 1433 500 1493 rere,
535 1417 591 1501 qui
616 1416 723 1482 omniu
750 1415 794 1480 sic
821 1414 981 1498 instituat,
1014 1420 1051 1499 ut
1080 1416 1260 1479 necessario
1291 1416 1509 1478 statuendum
1542 1414 1594 1486 sit,

409 1518 572 1594 oum-iam
598 1527 671 1587 ante
696 1520 854 1603 cognitam
883 1515 1208 1584 habusssorirtutem
1232 1519 1359 1600 ipsam?
1402 1520 1593 1582 Tenendum

408 1625 503 1698 etiam
526 1639 603 1693 vere
623 1625 673 1690 his
691 1622 779 1691 finni
799 1621 1046 1706 disputationem
1068 1623 1111 1686 do
1129 1618 1230 1686 altera
1242 1620 1376 1687 civitatis
1396 1629 1502 1705 parte
1519 1640 1592 1705 quac

408 1730 494 1797 viros
520 1728 755 1811 complectitur,
784 1735 990 1794 auternorurn
1014 1727 1173 1791 bonorum
1196 1746 1235 1790 ac
1251 1724 1422 1791 maiierum
1456 1735 1494 1791 et
1521 1725 1591 1790 libe

407 1827 519 1898 rorum
530 1842 595 1898 -aut
615 1849 697 1907 non,
728 1839 782 1898 aut
803 1834 942 1898 nondum
967 1829 1150 1914 diligenter,
1176 1828 1285 1895 habita
1307 1833 1460 1908 ratione,
1492 1850 1535 1894 ac
1556 1851 1589 1892 ne

407 1935 647 2020 magistratuum
670 1927 808 2020 quidem,
837 1938 899 2000 uisi
918 1942 1069 2021 quonum
1084 1936 1125 1998 ad
1139 1933 1364 2000 absolvendam
1383 1931 1588 2023 hancoperis

407 2046 548 2126 partem,
584 2036 763 2123 quaezalias
789 2036 977 2120 imperfecta
1000 2037 1129 2114 fuisset,
1166 2040 1380 2120 necessarium
1402 2040 1584 2103 videbatur.

407 2145 488 2210 Nam
509 2143 549 2206 ad
570 2143 797 2210 accuratiorem
815 2141 857 2208 de
874 2139 1115 2226 magistratibus
1123 2140 1378 2228 disputationem,
1401 2162 1496 2226 quae
1510 2140 1585 2205 libro

408 2247 530 2331 quinto,
554 2254 654 2320 sexto,
676 2247 819 2332 septimo
833 2247 1020 2323 continmur,
1032 2248 1205 2332 pertinere
1217 2248 1366 2312 videntur
1383 2247 1491 2311 verita
1510 2261 1583 2328 quac

407 2349 716 2436 suprascripsimus.
756 2350 803 2420 Cf,
825 2370 856 2433 p.
880 2350 961 2426 tto,
983 2353 1021 2426 B,
1046 2349 1080 2417 C.
1095 2352 1148 2414 ‚St
1198 2348 1304 2416 Τοῦτο
1325 2356 1386 2436 μὲν
1407 2345 1475 2416 οὐκ
1499 2346 1584 2428 ἄξιοι

409 2454 698 2544 ὄιισχυρίζεσθαι,’
715 2439 740 2520 ὦ
760 2453 837 2544 φιλε
853 2448 1024 2521 Γλαύκων·
1046 2447 1193 2540 ὃμὲντοι
1207 2449 1286 2544 ἄρτι
1299 2452 1463 2540 ἐλέγομεν,
1487 2447 1581 2532 ἄξιοι,

407 2547 460 2624 du
488 2559 540 2629 δεῖ
565 2551 687 2635 αὐτοὺς
715 2557 773 2637 τῆς
802 2552 914 2646 ὀρθ-ἦς
941 2562 1048 2645 τυχεῖν
1074 2555 1245 2638 παιδείας,
1278 2547 1350 2637 ἥτις
1376 2559 1464 2626 ποτέ
1492 2556 1583 2621 ἐστιν.

409 2663 500 2740 Quae
520 2664 646 2728 sivero
671 2663 886 2745 disputamus,
913 2660 1091 2729 accuratior
1108 2665 1148 2727 du
1170 2661 1427 2747 magistratuum,
1450 2657 1519 2747 ·qui
1540 2676 1581 2722 se·

408 2767 526 2854 quitur,
551 2767 738 2833 educatione
755 2785 861 2834 sermo
880 2785 940 2851 pro
960 2766 1104 2852 epicedio
1123 2763 1287 2832 habendus
1300 2789 1365 2833 non
1380 2757 1448 2834 est.
1500 2765 1580 2839 Quae

406 2877 577 2938 narrantur
594 2867 675 2936 inde·
686 2872 726 2936 ab
747 2889 786 2936 eo
806 2869 879 2936 loco
903 2892 966 2956 quo
991 2872 1050 2936 hos
1075 2873 1251 2955 terrigenas
1264 2879 1417 2948 armatos,
1451 2871 1578 2937 ducibus

407 2971 651 3059 magistratibus,
675 2977 818 3040 Socrates
840 2975 873 3039 in
895 2981 998 3040 castra
1019 2973 1175 3056 producit,
1196 2997 1236 3042 sa
1255 2997 1299 3042 ue
1319 2971 1578 3042 Schieiermache·

407 3099 463 3144 rus
489 3077 617 3163 quidem
642 3080 682 3144 od
707 3077 867 3144 civitatem
885 3086 1007 3146 uncum
1029 3079 1191 3161 pertinere
1205 3078 1365 3146 diffitetur.
1402 3081 1451 3146 Gi.
1468 3075 1576 3144 introd

406 3203 439 3266 p.
463 3183 535 3247 122
562 3183 656 3247 cVon
681 3181 787 3249 dieser
807 3181 879 3247 rein
905 3182 1069 3248 ethiseheu
1093 3185 1316 3268 Abzweckung
1334 3185 1401 3249 auf
1422 3174 1487 3250 den
1508 3177 1575 3245 Eiu-

408 3284 521 3354 zelnen
546 3289 656 3352 macht-
679 3283 804 3354 ireitinh
835 3285 908 3350 eine
937 3287 1115 3352 durumne
1141 3288 1194 3352 dic
1222 3285 1419 3373 anigestclite
1438 3285 1574 3353 -chens-

409 3392 555 3474 ordnung
572 3387 625 3454 tiir
640 3389 697 3467 ⁴die
721 3387 953 3474 Vertheidiger,
978 3392 1030 3455 die
1044 3409 1123 3476 ganz
1139 3413 1178 3458 cu
1199 3393 1272 3458 dem
1295 3390 1572 3477 cigenthiimlichen

409 3495 465 3560 des
485 3491 702 3580 platonischen
724 3495 847 3560 stantes
861 3491 995 3578 gehon.
1048 3493 1138 3560 Eheu
1166 3495 1312 3562 decusib«
1325 3497 1406 3562 aber
1428 3492 1512 3563 wird
1534 3491 1573 3556 sic

408 3597 493 3674 auch'
515 3596 561 3664 als
583 3595 750 3682 eigendich
771 3599 885 3665 hiehcr
905 3600 991 3664 nicht
1018 3597 1152 3684 gehtrig
1176 3598 1247 3666 hier
1268 3621 1332 3666 nur
1358 3594 1570 3668 oneratorum

410 3701 573 3787 uugelcgt,
603 3696 669 3766 und
689 3701 729 3766 ist
749 3718 810 3768 nur
831 3722 889 3768 aus
913 3705 987 3769 dem
1009 3724 1048 3768 ru
1072 3705 1250 3779 verstshen,
1275 3720 1343 3771 uns
1357 3705 1471 3772 weiter
1484 3707 1570 3770 untcu

405 3802 602 3880 austiihrlich
633 3803 772 3872 dariiber
802 3814 912 3892 gesagt
940 3807 1062 3874 wind.»
1108 3809 1171 3885 Qui
1199 3816 1303 3874 tumen
1328 3814 1389 3875 ista
1412 3809 1512 3894 magis
1535 3799 1567 3865 ad

409 3907 567 3976 civitatem
594 3908 789 3991 pertineant,
829 3931 924 3993 quum
954 3913 1121 3976 custodum
1147 3930 1207 3998 per
1231 3912 1455 3998 gymnasticam
1479 3915 1567 3976 arten

410 4014 575 4088 educatio,
610 4015 650 4078 de
677 4011 799 4080 medica
825 4021 893 4080 arte
919 4021 952 4078 et
977 4012 1130 4090 medicis,
1157 4017 1197 4080 de
1217 4016 1342 4082 iudiciis
1370 4026 1402 4083 et
1423 4015 1565 4083 iudicibus

409 4119 482 4182 data
501 4125 683 4200 praecepta,
705 4118 945 4200 magistratuum
965 4116 1088 4195 electio,
1113 4126 1146 4183 et
1158 4121 1185 4184 si
1199 4140 1310 4208 verum
1323 4119 1467 4188 vehimus
1485 4106 1564 4184 fateri

408 4218 479 4304 ipsa
504 4223 668 4288 custodum
693 4219 806 4288 electio
838 4230 870 4314 et
898 4221 1042 4289 educatio
1068 4220 1163 4289 ctiam
1188 4237 1261 4310 per'
1281 4226 1435 4302 musicam,
1462 4229 1562 4290 artem

409 4332 505 4415 atque
530 4327 611 4392 adeo
636 4325 714 4392 haec
739 4329 841 4394 omnis
867 4324 1056 4409 disputatio,
1074 4330 1127 4395 ab
1153 4349 1193 4396 eo
1214 4328 1379 4400 inde-loco
1401 4349 1463 4415 quo
1477 4337 1562 4412 qma
