3334 5142
863 401 1051 462 ..p-

377 555 445 622 fieri
467 559 576 644 possit,
600 561 656 624 sed
677 581 822 644 magnam
845 563 925 626 adeo
948 562 1011 625 vim
1031 562 1178 625 habitura
1199 561 1240 623 sit
1259 561 1292 623 in
1310 561 1387 624 alias
1405 561 1566 624 civitates

377 670 471 746 atque
493 662 637 746 populos.
683 663 712 748 l)
737 667 770 730 Si
798 687 873 728 vera
901 673 973 728 sunt
999 687 1036 729 ea
1064 687 1144 749 quae
1174 667 1213 728 de
1236 666 1355 728 Timaei
1378 674 1410 728 et
1431 665 1564 727 Critiae

377 774 560 850 argumento
583 769 645 831 hoc
666 769 736 831 loco
758 773 941 845 afferuntur,
966 791 1045 853 quae
1060 790 1136 834 vcra
1150 791 1218 832 esse
1233 789 1326 832 nemo
1341 775 1447 852 negat,
1469 770 1564 830 item

377 891 454 936 vera
476 873 539 936 sint
559 891 688 936 necesse
711 880 775 948 est,
807 895 887 958 quae
914 875 954 936 de
975 875 1088 937 Politia
1110 872 1159 936 hic
1181 875 1335 938 dicuntur.
1378 870 1424 937 cf.
1441 893 1473 954 p.
1492 874 1560 944 27,

377 978 416 1040 A.
439 978 476 1038 Β.
502 978 547 1039 St.
592 977 621 1061 5)
647 978 810 1052 TimaeuS,
836 979 1044 1060 Respublica,
1073 976 1184 1041 Critias
1206 979 1248 1043 ita
1269 978 1351 1040 inter
1373 998 1407 1039 se
1430 996 1564 1038 conne-

379 1085 519 1156 ctuntur,
547 1087 583 1143 ut
611 1079 769 1146 coniuncti
795 1083 878 1144 inter
907 1102 1058 1162 selmum
1081 1083 1238 1165 quoddam
1261 1102 1374 1163 corpus
1397 1076 1558 1142 efficiant.

376 1184 415 1246 Ut
436 1206 511 1249 vero
535 1187 657 1249 animus
679 1193 786 1249 noster
809 1187 1017 1267 admiratione
1040 1188 1174 1269 quadam
1196 1187 1353 1266 repletur,
1378 1206 1448 1246 cum
1467 1184 1561 1245 haec

378 1291 506 1372 egregia
528 1310 626 1372 opera
647 1291 691 1352 ita
712 1309 855 1353 connexa
878 1291 1074 1372 essetsentit,
1098 1296 1133 1370 ut
1154 1291 1187 1352 in
1208 1311 1306 1379 unum
1328 1288 1417 1372 quasi
1432 1307 1559 1369 corpus

377 1379 543 1461 coniuncta
565 1393 671 1459 divina
693 1400 725 1456 et
745 1385 882 1456 humana
905 1395 1010 1456 omnia
1031 1395 1289 1478 complectantur,
1315 1393 1359 1454 ita
1380 1393 1460 1454 haec
1480 1411 1561 1452 om-

376 1499 426 1560 nis
454 1519 505 1561 res
533 1501 572 1564 ad
599 1499 733 1560 nihilum
763 1501 856 1582 plane
878 1499 1016 1561 reditura
1038 1505 1103 1572 est,
1136 1498 1162 1558 si
1184 1497 1262 1559 haec
1285 1516 1359 1582 vera
1379 1515 1443 1558 non
1465 1495 1555 1568 sint,

377 1601 403 1676 si
426 1609 642 1686 argumentum
664 1602 795 1680 Politiae
818 1623 882 1665 non
904 1622 979 1666 vere
1001 1608 1143 1664 versetur
1164 1599 1197 1664 in
1219 1601 1408 1683 Republica,
1439 1599 1465 1661 si
1488 1618 1558 1680 per

377 1707 481 1769 lusum
503 1708 583 1769 haec
604 1703 791 1769 confinxerit
812 1707 1022 1788 philosophus
1034 1703 1066 1788 Ἴ.

462 1815 579 1874 Tamen
606 1810 752 1885 luerunt,
791 1811 844 1893 qui
875 1831 970 1893 quum
1002 1812 1144 1872 Socrates
1166 1810 1245 1872 nihil
1266 1809 1360 1890 plano
1382 1809 1465 1870 dicat
1486 1810 1556 1871 hoc
1605 1833 1607 1838 ¹

376 1914 447 1984 loco
470 1916 509 1977 dc
530 1914 647 1982 iustitia
671 1915 800 1997 eiusque
824 1914 975 1997 dignitate
988 1922 1035 1978 et'
1051 1915 1218 1996 praemiis,
1255 1934 1314 1976 nec
1335 1915 1375 1976 de
1396 1913 1556 1975 iniustitia

379 2020 508 2102 eiusque
530 2019 724 2100 turpitudine
745 2026 777 2081 et
797 2020 923 2103 poenis,
945 2017 985 2083 de
1005 2020 1120 2102 quihus
1140 2015 1238 2082 rebus
1259 2024 1364 2080 tamen
1385 2009 1419 2084 in
1434 2016 1555 2081 Politia

377 2120 459 2189 libro
482 2123 587 2208 primo
608 2141 715 2205 usque
731 2119 950 2206 sequanum,
973 2131 1006 2189 ct
1027 2130 1138 2204 postea
1158 2124 1241 2187 lihro
1263 2133 1357 2184 nono
1371 2125 1407 2185 et
1424 2121 1554 2185 decimo
1637 2170 1638 2173 ,

376 2227 536 2296 uberrime
552 2227 750 2302 disseruerit3
774 2227 857 2292 nihil
877 2247 981 2307 porro.
996 2228 1036 2290 de
1058 2226 1258 2308 philosophis
1280 2231 1312 2288 et
1332 2223 1552 2306 philosophia,

378 2332 519 2395 nihilne
542 2331 834 2413 demagistratihus
857 2331 984 2413 quidem
1006 2330 1154 2404 civitatis,
1175 2330 1346 2411 studiisque
1361 2328 1475 2410 quihus
1489 2329 1553 2390 hos
1637 2366 1638 2389 2

377 2454 510 2518 ⁴operam
535 2436 619 2510 dare„
633 2439 810 2516 oporteret,
840 2434 983 2516 nihilque
1010 2435 1052 2496 de
1068 2434 1245 2514 permultis
1272 2433 1342 2495 aliis
1363 2434 1478 2504 rebus,
1509 2432 1552 2493 de

378 2540 492 2622 quihus
523 2538 738 2622 copiosissime
769 2544 863 2620 atque
885 2536 1117 2601 accuratissime
1140 2537 1365 2619 disputaverit,
1379 2536 1477 2610 ,hanc
1499 2555 1553 2597 re-

378 2627 559 2708 censionem
582 2662 692 2708 eorum
714 2661 794 2725 quae
816 2639 919 2723 pridie
941 2642 1156 2716 dissemisset,
1180 2643 1271 2705 valde
1293 2659 1436 2704 mancam
1457 2638 1554 2700 mini-

378 2767 492 2830 meque
515 2748 641 2828 plenam
663 2765 732 2810 esse
755 2745 914 2821 arbitrati,
948 2766 1013 2808 non
1040 2743 1079 2809 de
1102 2752 1245 2808 accurata
1262 2745 1316 2808 hic
1337 2743 1389 2825 agi
1410 2742 1552 2824 capitum

379 2851 481 2924 omnis
504 2850 736 2932 disputationis,
761 2870 841 2932 quae
863 2850 975 2914 Politia
996 2850 1191 2924 continetur,
1209 2847 1467 2921 enumeratione,
1492 2847 1551 2910 sed

378 2943 541 3026 simulasse
565 2955 726 3022 Socratem
748 2954 977 3029 iudicaverunt,
999 2954 1141 3017 hesterni
1163 2953 1318 3038 sermonis
1339 2949 1437 3015 finem
1457 2944 1552 3032 argu

378 3065 582 3140 mentumque
611 3059 644 3123 in
672 3058 796 3128 civitate
818 3065 976 3124 versatum
998 3079 1087 3133 esse,
1122 3077 1162 3122 eo
1183 3058 1310 3140 quidem
1332 3054 1483 3128 consiliu,
1514 3060 1551 3116 ut

377 3167 443 3226 tres
466 3162 608 3243 dialogos
629 3161 775 3228 Politiam
797 3162 959 3226 Timaeum
981 3161 1186 3246 Critiamqne,
1210 3167 1393 3245 argumento
1414 3160 1550 3243 quadam

380 3271 529 3348 exparte
552 3264 743 3344 seinvicem
764 3266 966 3341 adiuvantes,
997 3273 1130 3330 externo
1157 3267 1252 3330 etiam
1275 3266 1378 3327 forma
1396 3264 1549 3326 concinne

380 3375 489 3450 posset
509 3367 795 3453 coagmentarc**).·
828 3370 891 3432 Sed
903 3377 1109 3435 serraverunt.
1154 3371 1232 3434 Nam
1253 3370 1358 3434 verbis
1380 3361 1434 3432 οἵα
1447 3389 1480 3432 τε
1494 3370 1548 3430 καὶ
1633 3427 1635 3435 .

378 3471 411 3552 ,ἐξ
432 3466 509 3537 οἵων
530 3467 656 3560 ἀνδρῶν
678 3467 795 3559 ἀρίστη
816 3469 1017 3564 κατεφαίνεί
1031 3470 1081 3540 ἄν
1102 3499 1160 3560 μοι
1180 3475 1341 3557 γενέσθαι
1362 3464 1549 3536 corsorum

378 3577 515 3650 iustitiae
547 3583 579 3640 et
608 3577 699 3646 ideae
727 3577 804 3642 honi
825 3611 874 3640 -.
889 3599 970 3661 quae
997 3585 1120 3654 tamen,
1153 3597 1249 3661 quum
1276 3597 1341 3640 non
1362 3577 1424 3640 sint
1444 3583 1548 3658 partes

377 3681 584 3763 Reipublicae
594 3715 609 3756 ·,
640 3683 696 3746 sed
725 3688 845 3746 tantum
878 3679 1116 3746 fundamentum
1142 3683 1175 3746 in
1205 3701 1267 3765 quo
1294 3682 1358 3744 illa
1372 3686 1546 3755 extruatur,

325 3857 329 3864 ,
378 3785 561 3867 singillatim
577 3788 851 3850 commemoranda
864 3806 929 3850 non
948 3784 1087 3863 lnenmt,
1112 3807 1209 3871 quum
1233 3785 1337 3868 capita
1355 3785 1550 3848 tantumne

384 4157 388 4169 ,
451 4114 475 4184 *l
495 4116 533 4170 Ct.
555 4117 588 4170 do
606 4123 659 4170 tota
677 4120 727 4170 trac
745 4131 773 4172 re
793 4120 1042 4188 commentatorem
1062 4125 1177 4170 nostram
1194 4131 1221 4171 c.
1242 4116 1312 4170 tcto
1327 4116 1442 4179 editam,
1469 4126 1546 4182 quom

384 4219 432 4265 nos
451 4208 573 4272 pluribus
593 4213 698 4262 mutatis
717 4215 764 4261 out
782 4209 952 4263 omtssts-htc
963 4211 1145 4272 rspsttrtmus.

397 4343 399 4348 ·
453 4332 488 4402 *Ἴ
506 4335 547 4391 Gt.
566 4336 759 4403 horrentem·
780 4338 815 4391 dt
829 4335 1035 4400 Phi-‘llil’l'bl
1056 4351 1082 4402 Ρ·
1103 4335 1147 4389 3¹·
