3334 5142
825 373 1057 439 ..320-

353 540 453 629 ἱςίίσε
473 541 550 627 quid
569 556 649 605 τοοσ
675 529 805 623 πεμπάς
831 531 1036 619 significetur.
1084 526 1166 609 Quid
1188 546 1260 593 σενο
1282 526 1411 611 propius
1440 544 1532 611 quam

354 648 390 712 δι
410 648 538 731 quiaque
557 644 713 711 civitatum
727 640 893 725 principiis
914 637 1069 722 ιορίίσνεί
1091 633 1137 702 cf.
1158 628 1213 703 lib.
1235 632 1320 721 IIII.
1344 650 1376 718 p.
1401 631 1476 709 III,
1493 631 1530 695 C.

359 884 395 941 ςὸ
428 887 529 958 τριτον
548 908 578 922 -
598 878 672 958 ὅρον
688 881 745 949 μέν
761 873 859 933 αύτού
873 872 979 945 ἕξομεν
1003 872 1126 938 τοῦτον,
1147 866 1277 946 α’ριθμδς
1295 864 1314 925 6
1331 862 1409 936 ἔχων
1421 868 1533 925 ένέαυ·

355 974 397 1045 τῷ
413 969 485 1028 ὅλον
506 989 538 1027 τε
558 970 612 1027 τόν
629 969 865 1044 συγκρινόμενον
882 968 934 1019 καί
955 966 1047 1037 μέρος
1068 958 1166 1017 αύτού
1190 964 1289 1035 τρίτον
1311 958 1386 1034 πρὸς
1403 960 1439 1015 ’έό
1461 956 1532 1031 ὅλῳ·

356 1056 558 1132 ὑποδείγματα
572 1060 603 1117 δέ
620 1056 716 1115 αύτοδ
729 1053 859 1113 εύτακτα
871 1052 1079 1125 ληφθήσονται
1089 1048 1170 1123 Υἡμῖν
1183 1053 1215 1105 οί
1230 1047 1289 1105 άπὸ
1313 1048 1452 1124 τετράδος
1462 1067 1533 1105 συν-

356 1156 431 1217 εχεῖς
448 1149 672 1225 τετραπλάσιαι,
691 1147 915 1217 συνεζευγμένοι
936 1149 999 1209 τοῖς
1017 1140 1077 1197 άπδ
1095 1138 1214 1216 τριάδος
1233 1140 1433 1215 τριπλασίοις,
1457 1136 1533 1208 ὁμο·

318 1231 324 1249 *
358 1246 457 1310 ταγείς
474 1234 671 1309 ὀμοταγέσιν,
696 1234 762 1292 οίον
782 1232 832 1291 όδ
853 1236 893 1306 τῷ
912 1252 949 1303 γ,
976 1231 1092 1305 ὁητῷ
1117 1248 1166 1297 στ,
1185 1226 1202 1286 ό
1222 1230 1253 1295 ιβ
1270 1231 1311 1301 τῷ
1329 1231 1365 1294 θ,
1386 1226 1405 1285 6
1425 1246 1473 1285 ιστ
1491 1229 1532 1299 τῷ

343 1321 406 1395 ιβ,
431 1332 482 1382 καί
498 1327 575 1383 κατά
598 1326 634 1381 τά
651 1323 730 1382 αὐτὰ
747 1322 796 1393 ἐφ’
813 1320 955 1379 όσονοῦν.
982 1323 1081 1390 Δῆλον
1103 1321 1136 1374 δέ
1154 1316 1236 1375 ὅτιὸ
1256 1316 1475 1375 άνθυπακούων
1492 1318 1533 1389 τῷ

356 1419 510 1493 έπιτρίτιρ,
528 1414 688 1487 λεγόμενος
704 1415 736 1471 δέ
748 1414 806 1470 σὺν
822 1414 860 1491 τῇ
873 1410 932 1467 ὑπὸ
945 1412 1088 1486 προθέσει
1096 1404 1293 1478 ὖπειιίτριτος,
1311 1407 1393 1461 ἐστίν
1410 1403 1428 1461 6
1447 1407 1535 1475 ἐμπε-

359 1504 533 1582 ριεχόμετος
555 1506 658 1577 ἐκείνω
681 1502 752 1570 όλος
769 1520 803 1557 τε
818 1506 870 1557 καί
886 1504 1010 1577 προσέτι
1025 1498 1123 1555 αύτοῦ
1145 1501 1261 1573 τρίτον,
1289 1494 1329 1564 ὥς
1346 1494 1364 1550 ὃ
1382 1496 1439 1565 μέν
1455 1514 1474 1565 γ
1491 1498 1534 1569 τῷ

356 1596 387 1663 δ,
405 1593 472 1651 ὁδί
489 1612 526 1649 στ
543 1597 584 1667 τῷ
600 1614 633 1663 η,
650 1590 669 1648 6
686 1593 718 1648 δέ
735 1594 756 1647 θ
771 1592 813 1663 τῷ
829 1594 876 1657 ιβ,
896 1593 949 1647 καὶ
967 1593 998 1645 οί
1014 1588 1178 1649 ἀκόλουθα
1195 1586 1440 1663 τόνὸμσταγόν.
1467 1592 1534 1644 Πα-

358 1686 541 1761 ρατηρητέον
565 1684 597 1737 δέ
621 1680 656 1737 τδ
679 1684 888 1756 παρεπόμενον
912 1680 986 1735 πᾶσι
1012 1679 1131 1750 τούτοις
1158 1684 1330 1758 γλαφυρόν,
1358 1678 1407 1738 ότι
1431 1682 1463 1735 oi
1476 1680 1534 1747 μὲν

359 1775 470 1848 πρῶτοι
487 1776 539 1827 καί
555 1772 743 1841 πυθμένες
761 1768 918 1839 λεγόμενοι
934 1768 1024 1840 ἐγγύς
1041 1776 1117 1827 εἰσιν
1141 1772 1174 1827 ἐν
1198 1775 1238 1845 τῷ
1264 1770 1382 1841 φυσικῷ
1404 1768 1532 1839 χύματι,

359 1866 391 1918 σί
405 1864 435 1917 δέ
454 1845 587 1937 δεύτεροι
603 1858 662 1915 άπὸ
681 1861 840 1929 πυθμένων
858 1856 913 1913 ἕνα
938 1857 1036 1925 μόνον
1062 1860 1192 1935 α’ριθμόν
1214 1864 1430 1924 διαλείπουσιν,
1454 1862 1486 1913 οί
1503 1858 1534 1912 δέ

359 1953 454 2027 τρίτοι
472 1950 544 2016 δύο,
562 1952 592 2002 σί
607 1950 639 2003 δέ
656 1952 791 2024 τέταρτοι
809 1955 901 2023 τρεῖς,
920 1948 952 2000 οἱ
967 1947 999 2002 δέ
1017 1952 1145 2015 πέμπτοι
1161 1950 1197 2012 δ,
1222 1954 1273 2005 καί
1290 1948 1337 2007 άεί
1355 1947 1466 2015 οὕτως,
1483 1950 1535 2015 μέ·

360 2058 425 2114 χρις
442 2032 480 2094 οὖ
496 2038 609 2105 βούλει.
632 2035 697 2094 Ἔτι
714 2057 747 2105 γε
769 2039 832 2107 μὴν
851 2038 903 2091 καί
919 2033 967 2090 ότι
991 2036 1026 2091 τδ
1043 2038 1170 2113 μόριον,
1193 2034 1232 2095 οὗ
1258 2038 1437 2116 παράνομός
1454 2038 1535 2091 ε’στιν

359 2127 487 2197 ἕκαστος
501 2130 561 2183 τόν
583 2128 759 2202 ίπιμορίων,
782 2127 817 2180 έν
832 2133 897 2192 τοτς
922 2121 1027 2194 ἤττοσι
1048 2129 1202 2204 θεωρείται
1225 2132 1283 2184 τόν
1300 2130 1472 2196 πυθμένων,
1498 2124 1535 2179 έν

359 2218 473 2285 δέτοές
487 2220 620 2287 μείζοσιν
637 2212 785 2284 οόδαμῶς.
823 2216 865 2269 CI·
882 2217 986 2270 ΝΙοοοι.
1007 2217 1099 2272 Gom.
1119 2221 1268 2274 introduct.
1290 2221 1423 2271 ιτίίθιυεί.
1443 2219 1491 2270 III.
1507 2218 1530 2267 I.

361 2321 387 2361 ε.
406 2309 450 2361 19.
470 2322 497 2373 ρ.
511 2308 555 2361 95.
568 2295 611 2361 εδ.
620 2308 682 2377 ιλιι.
695 2310 748 2359 Iam
761 2307 882 2359 laudatus
895 2307 1058 2361 Schneldero
1072 2322 1100 2373 ρ.
1116 2311 1160 2363 15.
1173 2313 1201 2361 In
1213 2326 1221 2361 ε
1235 2310 1276 2363 De
1289 2324 1401 2363 numero
1414 2308 1534 2361 Plutonia

363 2399 516 2463 disputatio.
543 2398 723 2451 Vrnmlmue.
747 2398 882 2461 Repeuvn
901 2397 937 2447 IbI
957 2397 1027 2449 όῑεῑε
1040 2402 1067 2449 In
1079 2399 1202 2453 Platonis
1215 2413 1276 2465 opp.
1293 2400 1352 2453 Vol.
1366 2399 1416 2450 111.
1432 2412 1459 2463 p.
1473 2397 1532 2449 XV.

433 2486 509 2540 Idem
534 2494 565 2538 ut
591 2490 662 2539 τοεΙι
689 2486 839 2553 πυθμένος
865 2486 1084 2551 agamennonem
1119 2494 1200 2556 ιυεςΙε
1229 2494 1309 2543 etlam
1335 2490 1479 2542 munimen
1505 2500 1536 2539 ετ

364 2574 618 2644 Θεολογουμένοις
635 2574 688 2642 τῆς
705 2571 903 2648 ἀριθμητικῆς
926 2576 997 2639 apud
1021 2577 1128 2630 λιῑίυιυ
1155 2594 1182 2643 p.
1202 2581 1246 2633 27.
1271 2581 1342 2633 hunc
1360 2580 1447 2630 Iocum
1466 2590 1538 2629 com·

362 2666 442 2719 αεοδε
458 2666 564 2716 nunni:
580 2660 621 2715 Εἴ
633 2680 677 2728 τις
692 2666 793 2717 τοίνυν
810 2658 940 2736 άριθμδς
957 2661 1055 2731 λσάκις
1071 2664 1138 2732 ἴσος
1154 2668 1249 2734 ἐστίν,
1269 2647 1365 2733 οὕτως
1381 2662 1537 2720 δικαιοσύ·

363 2770 417 2823 της
437 2752 587 2817 είδοποιός
604 2750 661 2805 ’καί
685 2750 868 2817 ίπιδεκτικός
890 2748 930 2805 άν
950 2750 1008 2821 εἴη.
1026 2754 1083 2820 πάς
1099 2755 1132 2809 δέ
1148 2754 1332 2830 τετράγωνος
1353 2754 1454 2822 ίσάκις
1471 2752 1538 2819 ἴσος

362 2839 504 2918 ὑπάρχει,
523 2836 587 2895 ἀλλ’
605 2837 644 2894 ον’
661 2839 720 2906 πάς
735 2837 903 2909 μεσότητος
919 2840 1068 2908 δεκτικὸς,
1086 2840 1161 2897 ἀλλά
1178 2842 1274 2912 μόνος
1290 2844 1430 2915 δηλονότι
1447 2841 1483 2909 ὅς
1498 2838 1537 2896 ἄν

363 2930 504 3007 περισσός
521 2928 578 2998 εἴη·
596 2926 729 2984 καθόλου
748 2927 806 3003 γὰρ
827 2926 934 3004 ἀρτίου
956 2926 1089 3005 άριθμοῦ
1111 2931 1243 3005 μεσότης
1266 2930 1305 2989 ου’
1323 2937 1473 3001 φαίνεται·
1490 2947 1537 2985 πε-

362 3020 474 3095 ρισσόν
491 3019 523 3073 δέ
541 3021 777 3097 προσεχέστατος
793 3020 844 3071 καί
862 3017 1048 3087 ολκειότατος
1064 3016 1104 3075 άν
1120 3018 1167 3093 εἴη
1186 3018 1204 3077 6
1219 3023 1355 3093 πυθμὴν,
1374 3026 1401 3077 εί
1411 3024 1461 3075 καί
1479 3019 1537 3075 τόν

363 3108 459 3164 αότοῦ
476 3106 574 3175 λόγων
590 3104 772 3172 έπιδεκτικὸς
789 3100 807 3161 ὁ
824 3104 888 3173 μετ’
906 3102 1011 3162 αὐτόν.
1031 3108 1152 3177 (apparet
1176 3127 1207 3166 ex
1226 3115 1281 3165 1ι11ι
1300 3117 1380 3166 cunm
1398 3119 1469 3166 εεοιε
1487 3124 1535 3163 noi

362 3213 443 3264 ιυρει
468 3198 619 3252 δεδοΙτΙιιε
651 3200 723 3250 vocis
747 3194 862 3268 πρῶτος
887 3199 1131 3268 agamennonem.)
1163 3197 1404 3269 Ἐπιστημονικαλ
1429 3200 1460 3253 δέ
1486 3201 1538 3252 καὶ

363 3284 531 3355 φιλόσοφοι
547 3282 710 3351 ἀποδείξεις
726 3282 774 3338 αἐλ
791 3290 854 3351 τοῖς
871 3287 1018 3357 πυθμέσιν
1035 3289 1200 3356 ἐλαχίστοις
1227 3285 1272 3344 ἔτι
1295 3293 1346 3343 καί
1372 3285 1411 3343 ἄν
1430 3326 1439 3343 .
1459 3328 1468 3348 .
1485 3285 1538 3341 πό-

363 3375 448 3442 στοις
461 3375 638 3451 έπιχρῶνται
655 3376 707 3428 καί
723 3373 867 3449 ίνορόσιν
884 3374 917 3429 έν
934 3372 1039 3444 αύτοίς
1056 3374 1096 3444 τός
1121 3377 1153 3431 ἐν
1168 3379 1387 3454 παραδείγμασί
1405 3394 1464 3432 τισι
1483 3378 1539 3443 τὰς

361 3461 546 3534 ὁμοιότητας
562 3464 620 3518 τῶν
636 3460 815 3533 ὁμογενῶν,Ι
830 3458 897 3518 olor
913 3465 1074 3521 διπλασίων
1086 3462 1151 3537 Ιμέν
1168 3463 1298 3542 α’πείρων
1315 3465 1407 3534 φύσει
1423 3462 1538 3533 όντων,

362 3554 396 3609 έν
418 3551 503 3608 δυάδι
527 3553 642 3621 μᾶλλον
670 3551 744 3626 πρὸς
768 3552 900 3621 μονάδα,
924 3548 1070 3623 ἡμιολίων
1102 3556 1133 3611 δέ
1154 3555 1186 3609 ἐν
1210 3556 1306 3634 τριάδι
1331 3554 1406 3631 πρὸς
1432 3554 1538 3611 δυάδα·

364 3638 441 3697 ὥστε
457 3639 477 3711 ἡ
495 3641 548 3709 τῆς
573 3636 765 3709 δικαιοσύνης
783 3636 884 3695 ἔννοια
909 3645 960 3695 καὶ
982 3642 1074 3710 φύσις
1100 3643 1133 3697 ἐν
1157 3646 1255 3711 ἰσάκις
1278 3644 1334 3717 ἴσῳ
1362 3645 1537 3713 δεικνυμένη

363 3729 494 3806 ἀριθμῷ,
512 3732 648 3797 τουτέστι
665 3728 697 3782 ἐν
715 3746 754 3799 τῳ
773 3729 976 3799 τετραγώνων,
995 3730 1028 3785 έν
1043 3728 1134 3805 άρτίιρ
1150 3734 1207 3801 μέν
1219 3728 1275 3789 ούκ
1293 3730 1391 3811 ὀρθῶς
1407 3732 1537 3801 δειχθείη

362 3816 402 3874 ἂν
417 3817 584 3887 μεσότητος
601 3814 792 3893 άμοιροῦντι,
816 3815 879 3872 ἀλλ’
897 3818 929 3872 έν
946 3820 1068 3893 περιττῷ
1087 3817 1226 3889 δηλονότι
1251 3824 1313 3875 καί
1332 3822 1400 3875 τῶν
1418 3838 1540 3896 περιτ·

364 3910 435 3964 τῶν
451 3909 490 3962 έν
507 3904 827 3978 πυθμενικωτάτιρ
845 3910 1008 3961 καλοίονελ
1035 3912 1181 3982 σπέρματι
1207 3910 1265 3964 τῶν
1289 3906 1403 3975 ἄλλων,
1432 3900 1485 3965 διά
1502 3909 1537 3963 τὸ

364 3995 609 4066 έπιστημονικόν.’
629 3996 662 4049 έν
683 3991 743 4066 άρα
764 4000 918 4070 πρωτίστῳ
940 3994 980 4067 τῷ
1005 3997 1034 4050 θ·
1059 3990 1150 4063 οὖτος
1173 3997 1231 4072 γάρ
1254 4002 1305 4057 καί
1327 3996 1387 4052 άπὸ
1414 3996 1534 4072 πρώτου

364 4085 508 4161 περισσοῦ
531 4083 662 4159 ἀριθμοῦ
688 4085 743 4139 τοῦ
769 4102 787 4154 γ
810 4083 932 4153 πυθμὴν
958 4083 1142 4160 τετράγωνος
1165 4089 1357 4147 συνίσταται,
1387 4090 1451 4162 τρίς
1469 4090 1539 4161 τρία

364 4170 417 4236 ὦν,
435 4172 619 4249 πλευρισμοῦ
636 4171 789 4241 μεσότητα
806 4172 923 4249 πρώτου
948 4166 1072 4240 ἔχοντος
1097 4174 1285 4246 τετράγωνος
1308 4176 1358 4230 καί
1377 4173 1472 4241 αύτδς
1488 4192 1538 4244 με·

366 4262 481 4333 σότητα
500 4262 615 4337 πρῶτος
632 4256 719 4328 ἔχων.
739 4260 780 4315 CI.
797 4262 829 4313 11.
850 4274 888 4316 σε.
907 4274 935 4327 ρ.
955 4263 998 4316 II.
1019 4269 1045 4317 ει
1062 4260 1152 4318 XIIII.
