3334 5142
872 414 1084 486 ...οι-μ

383 587 512 664 videor,
536 585 720 673 priusquam
743 584 829 674 quud
851 584 942 654 initio
962 583 1193 673 quaesamus
1213 584 1429 663 invenissem,
1458 583 1597 652 iustum

386 690 462 778 quid
483 700 583 768 esset,
614 691 725 772 relicto
746 691 801 758 ilio
823 690 938 775 cupide
962 690 1157 776 quaesivisse
1180 689 1227 756 de·
1241 711 1301 768 eu,
1324 712 1399 757 num
1426 688 1595 774 pravitas

385 796 478 862 nitet
499 794 638 870 inscitia,
663 815 702 860 nu
724 781 883 878 sapientia
900 803 932 865 et
952 795 1070 870 virtus,
1091 806 1120 860 et
1137 797 1286 860 issidorus
1300 806 1408 878 ροιειο
1433 813 1596 859 menone

382 901 461 984 quad
481 902 588 963 utilior
608 901 760 964 iniustitia
775 921 869 982 quam
881 897 1010 975 iustitie,
1034 919 1098 964 non
1118 885 1255 967 abstinui
1276 899 1353 985 quin
1374 897 1414 964 ad
1443 896 1523 964 Ινοο
1540 918 1596 962 ae·

382 1001 527 1067 cederem
549 1001 588 1074 ab
609 1001 683 1078 iliu,
713 1010 758 1068 ut
772 1002 853 1090 vmibi
881 1023 965 1072 nune
989 1002 1218 1086 accideritper
1238 1001 1398 1086 dialogum
1419 1010 1469 1068 ut
1504 1001 1593 1066 nihii

383 1107 489 1172 seiam.
533 1093 669 1182 Quando
692 1104 776 1172 enim
798 1105 914 1200 iustum
938 1106 1016 1193 quid
1036 1108 1077 1173 sit
1097 1108 1220 1183 neseio,
1244 1105 1389 1191 protecto
1410 1106 1591 1181 nesciam,

381 1228 455 1278 nutn
478 1214 578 1276 virtus
601 1209 702 1276 sitan
723 1226 804 1287 nnn,
831 1220 870 1276 et
897 1232 974 1278 num
1003 1212 1058 1297 qui
1079 1210 1192 1278 habeat
1213 1231 1284 1283 eam
1304 1230 1369 1277 non
1391 1215 1527 1278 beatus
1551 1211 1593 1276 sit

380 1335 421 1382 an
441 1319 588 1383 beatum>
639 1313 753 1380 Ταῦτα
779 1311 819 1394 δή
848 1337 919 1391 σοι,
952 1315 1032 1436 ἔφη,
1058 1303 1084 1385 ὦ
1108 1311 1305 1403 Σώκρατες,
1340 1309 1575 1392 stgsdadw’
1557 1338 1592 1379 εν

380 1423 451 1496 τοῖς
471 1417 685 1495 Βενδιδεὶοις.
698 1411 779 1484 Ὑπὸ
794 1419 856 1485 σοῦ
878 1444 923 1503 γε,
946 1405 1073 1499 έγνδ’
1056 1415 1128 1505 εγώ,
1155 1405 1181 1484 ὦ
1212 1414 1433 1542 Θρασύμαχε,
1459 1408 1592 1497 ἐπειδή

380 1546 439 1594 μοι
463 1523 570 1611 πρᾶος
598 1523 712 1608 έγένου
733 1527 788 1596 καὶ
811 1523 1017 1610 χαλεπαίνων
1041 1519 1181 1593 ἐπαύσω.
1209 1548 1265 1590 ου
1272 1526 1384 1608 μέντοι
1405 1524 1537 1600 καλῶς
1552 1546 1589 1606 γε

382 1626 536 1712 εἱςὶαμαι,
560 1620 598 1691 ὸέ
625 1619 778 1712 ἐμαυτόν,
804 1621 873 1692 ἄλλ
897 1651 936 1693 nu
960 1622 1018 1693 διὰ
1038 1631 1086 1693 οέ·
1107 1622 1219 1698 ,οἰλλΗ
1204 1617 1311 1713 ιε’-οπερ
1336 1630 1367 1695 οἱ
1386 1628 1510 1716 λέγνοτ,
1523 1625 1589 1692 τοῦ

380 1724 431 1801 ἀεὶ
452 1733 728 1822 παραφερομένου
750 1725 970 1816 ἀπογεύονται
991 1726 1209 1821 ἁρπάζοντες,
1230 1735 1307 1818 πρὶν
1327 1730 1386 1803 τοῦ
1400 1733 1587 1820 προτέρου

380 1834 524 1960 μετρίως
537 1829 740 1918 Ιἀπολαῦσαι,
768 1839 823 1900 καὶ
844 1829 906 1919 έγώ
927 1859 986 1957 μρι
1012 1836 1098 1900 δοκῶ
1123 1826 1219 1915 οὕτω,
1241 1839 1325 1957 πρὶν
1334 1827 1356 1900 3
1372 1830 1413 1921 τὸ
1433 1834 1584 1920 πρῶτον

382 1938 583 2023 ἐοκοπυυμευ
605 1931 724 2057 εὑρεῖν,
752 1933 790 2002 τὸ
810 1929 978 2008 δικαιου’
959 1962 1025 2005 οτι
1048 1933 1119 2006 ποτ’
1144 1940 1226 2017 έςὶν,
1256 1933 1419 2031 ἀφέμενος
1441 1938 1584 2004 ἐκείνου

382 2037 527 2130 ὁρμῆσαι
546 2042 597 2108 ἐπὶ
613 2037 652 2112 τὸ
666 2044 995 2170 ο-κέφασθαιπερὶ
995 2037 1142 2122 αυτοῦ,
1167 2043 1251 2109 εἴτε
1269 2041 1395 2108 κακία
1414 2043 1495 2118 ici
1503 2066 1582 2108 και

382 2140 568 2231 ἀμαθία,
602 2146 694 2219 εἴτε
716 2146 848 2265 σοφία
876 2151 946 2212 καὶ
975 2141 1111 2236 ἀρετή.
1140 2150 1210 2215 καὶ
1239 2140 1502 2230 ἐμπεσόντος
1528 2168 1580 2210 αν

381 2240 528 2338 ὕςερον
556 2243 717 2334 λόγου,
743 2239 808 2314 ότι
836 2242 1199 2368 λυριτελὲςερου
1181 2275 1202 2329 η
1235 2245 1384 2316 ἀδικία
1412 2249 1487 2330 τῆς
1520 2251 1580 2316 δι-

382 2345 612 2471 καιοσρνης
645 2376 718 2420 ουκ
747 2347 986 2472 ἁπερχόμην
1010 2349 1059 2421 τὸ
1083 2349 1137 2437 μὴ
1162 2348 1234 2420 οὐκ
1257 2355 1321 2420 ἐπὶ
1350 2354 1482 2422 τοῦτο
1512 2354 1579 2418 ἐν

379 2459 473 2524 θεῖν
510 2449 569 2522 απ)
608 2456 783 2574 ἐκείνου,
814 2447 894 2576 ω’ςτε
919 2481 979 2544 μοι
1008 2462 1079 2524 νυνὶ
1101 2460 1231 2543 γέγονεν
1260 2459 1294 2524 ἐκ
1320 2458 1391 2524 τοῦ
1402 2452 1575 2544 διαλόγου

381 2560 483 2648 μηὺὲν
511 2554 639 2628 ειδέναι.
673 2554 772 2626 ὁπότε
804 2556 874 2680 γὰρ
906 2556 946 2626 τὸ
978 2561 1114 2628 δίκαιον·
1139 2557 1186 2647 μὴ
1211 2550 1331 2628 οἶόα“Ι
1312 2586 1330 2626 ο
1359 2562 1427 2642 scs,
1460 2561 1575 2682 μχολῇ

382 2665 530 2787 εὶυρμαι,
560 2665 621 2732 εἴτε
644 2657 744 2752 ἀρετή
765 2687 815 2740 τις
836 2661 922 2730 οὐσα
943 2661 1113 2786 τυγχάνει,
1139 2666 1200 2732 εἴτε
1215 2670 1270 2733 καὶ
1285 2661 1335 2745 nii,
1355 2670 1411 2732 καὶ
1425 2661 1575 2757 πότερον

380 2763 399 2838 ὁ
425 2767 514 2856 ἔχων
510 2761 608 2834 ἀυτὸ
627 2762 687 2834 οὐκ
712 2755 909 2852 εὐδαίμον’
893 2773 975 2848 sets,
1000 2765 1022 2850 ἢ
1047 2764 1217 2855 εὐδαίμων.

466 2875 536 2940 Non
557 2869 712 2940 fastidiosi
733 2871 871 2938 hominis
891 2872 990 2940 instar
1012 2873 1076 2960 egit
1096 2876 1251 2950 sociates,
1275 2864 1383 2962 ὥσπερ
1407 2898 1438 2940 οι
1430 2873 1571 2963 ’λίχνοι

381 2978 441 3043 τοῦ
473 2971 523 3048 αεὶ
550 2980 828 3068 παραφερομένου
857 2998 1078 3063 απογευονται
1105 2971 1323 3066 αρπάζογτες,
1359 2999 1417 3046 nec
1444 2976 1571 3044 dimisit

383 3079 468 3165 quud
489 3081 627 3167 primum
650 3080 866 3165 quaesiverat,
889 3077 1008 3151 institia
1029 3081 1104 3169 quid
1127 3069 1227 3156 esset,
1256 3086 1315 3148 sed
1336 3082 1432 3148 muita
1453 3090 1571 3149 contu·

381 3183 417 3250 lit
441 3203 521 3270 quae
543 3183 647 3254 valent
668 3187 707 3249 ad
728 3192 813 3256 rente
836 3183 1037 3253 iudicandum
1061 3184 1100 3252 de
1122 3186 1160 3252 vi.
1174 3194 1345 3260 nendum
1358 3185 1509 3263 iustitiae,
1535 3192 1568 3250 et

383 3287 496 3352 ordine
517 3287 568 3354 hie
589 3288 694 3355 omnia
715 3285 907 3374 procedunt,
937 3298 1085 3376 totusque
1105 3299 1211 3357 se‘rmo
1233 3289 1307 3359 inde
1328 3285 1347 3355 a
1368 3310 1402 3377 pa
1422 3291 1503 3366 utu,
1528 3295 1567 3358 Ε.

384 3389 476 3476 quasi
502 3410 542 3456 ex
572 3390 706 3461 adverso
736 3391 907 3478 respondet
927 3393 970 3460 iis
992 3415 1076 3482 quan
1096 3393 1199 3462 adhue
1220 3392 1405 3460 defenderat
1426 3380 1566 3481 Thrasy-

381 3493 692 3568 mnuhuniustitiam
715 3515 789 3562 esse·
806 3492 844 3561 τὸ
870 3497 933 3564 τοῦι
958 3499 1142 3587 κρείττονος
1166 3498 1346 3590 ξυμφέρον,
1381 3494 1503 3571 οἰκείαν
1529 3501 1565 3564 δὲ

383 3599 443 3666 τοῦ
463 3601 667 3686 πειθομένου
689 3623 724 3666 τε
747 3605 802 3666 καὶ
825 3594 1066 3692 ὑπηρετοῦντος
1085 3596 1225 3686 βλάβην,
1253 3610 1286 3668 et
1299 3611 1508 3689 praeparatur
1524 3622 1564 3668 eo

383 3721 459 3772 vera
485 3702 623 3772 iustitiae
647 3703 746 3773 nutis.
786 3704 886 3782 -Quud
912 3705 1005 3774 etiam
1025 3703 1103 3774 vidit
1124 3704 1447 3777 Sehieiermaehetus:
1479 3708 1564 3773 Brit·

382 3815 452 3874 tens
473 3800 617 3880 istnoeh'
638 3829 678 3874 zu
698 3806 863 3886 heachten,
888 3814 959 3876 dass
980 3813 1079 3876 sehon
1100 3804 1152 3874 die
1173 3807 1252 3875 lezte
1267 3811 1490 3897 Verhandiung
1507 3815 1562 3877 des

386 3915 533 3978 Sokratus
555 3913 613 3980 mit
633 3911 705 3978 dem
728 3916 979 4005 Ttuasymaehus¹
998 3912 1049 3978 die
1071 3910 1242 3997 Wendung
1263 3919 1392 3991 nimmt,
1419 3915 1472 3981 die
1501 3919 1561 3982 Ge-

383 4015 570 4100 reehtigkeit
598 4015 683 4083 nieht
709 4015 919 4086 daszustellen
947 4017 992 4084 ets
1021 4023 1118 4082 etwas
1139 4038 1201 4082 nun
1223 4017 1376 4086 zwisehen
1397 4020 1476 4088 ταοὶ
1499 4041 1560 4086 vnn

387 4119 539 4188 einander
559 4120 770 4205 gesonderten
792 4119 1045 4197 statttindeudes,
1067 4119 1206 4188 eundern
1226 4122 1306 4188 aueh
1327 4123 1372 4188 ais
1387 4133 1490 4192 etwas
1511 4124 1556 4190 in-

386 4244 496 4302 uenes»
516 4223 581 4292 und
600 4245 638 4292 sn
660 4224 740 4294 auch
761 4224 817 4292 die.
832 4225 1107 4312 Ungereehtigkeit
1119 4225 1165 4292 als
1179 4235 1275 4294 etwas
1289 4227 1442 4293 innertieh
1455 4228 1556 4295 zwin-

381 4327 462 4417 spuit
482 4327 548 4399 und
568 4333 763 4417 Zenst'n'rung
784 4333 1023 4408 anriehtendes,'
1050 4350 1143 4416 ποορ
1166 4329 1215 4398 sie
1235 4329 1297 4398 den
1318 4331 1448 4400 Theiien
1469 4332 1553 4400 eines
