<?xml version="1.0" encoding="UTF-8"?>
<!DOCTYPE html PUBLIC "-//W3C//DTD XHTML 1.0 Transitional//EN"
    "http://www.w3.org/TR/xhtml1/DTD/xhtml1-transitional.dtd">
<html xmlns="http://www.w3.org/1999/xhtml" xml:lang="en" lang="en">
 <head>
  <title>
</title>
<meta http-equiv="Content-Type" content="text/html;charset=utf-8" />
  <meta name='ocr-system' content='tesseract 3.04.00' />
  <meta name='ocr-capabilities' content='ocr_page ocr_carea ocr_par ocr_line ocrx_word'/>
</head>
<body>
  <div class='ocr_page' id='page_1' title='image "./prolegomenaadpl01rettgoog_0339.png"; bbox 0 0 3334 5142; ppageno 0'>
   <div class='ocr_carea' id='block_1_1' title="bbox 113 592 1314 2450">
    <p class='ocr_par' dir='ltr' id='par_1_1' title="bbox 113 592 1314 2450">
     <span class='ocr_line' id='line_1_1' title="bbox 113 592 1305 687; baseline 0 -22"><span class='ocrx_word' id='word_1_1' title='bbox 113 600 217 687; x_wconf 12' lang='lat' dir='ltr'><strong>*hona</strong></span> <span class='ocrx_word' id='word_1_2' title='bbox 233 597 419 665; x_wconf 75' lang='lat' dir='ltr'><strong>educatione</strong></span> <span class='ocrx_word' id='word_1_3' title='bbox 443 594 494 663; x_wconf 83' lang='lat' dir='ltr'><strong><em>usi</em></strong></span> <span class='ocrx_word' id='word_1_4' title='bbox 513 592 649 675; x_wconf 80' lang='lat' dir='ltr'><strong>inerint,</strong></span> <span class='ocrx_word' id='word_1_5' title='bbox 674 595 823 662; x_wconf 81' lang='lat' dir='ltr'><strong>meliores</strong></span> <span class='ocrx_word' id='word_1_6' title='bbox 842 596 1127 686; x_wconf 65' lang='lat' dir='ltr'><strong>diremptionibus</strong></span> <span class='ocrx_word' id='word_1_7' title='bbox 1150 600 1305 679; x_wconf 84' lang='lat' dir='ltr'><strong>evadere,</strong></span> 
     </span>
     <span class='ocr_line' id='line_1_2' title="bbox 131 698 1307 787; baseline 0.003 -20"><span class='ocrx_word' id='word_1_8' title='bbox 131 723 204 770; x_wconf 89' lang='lat' dir='ltr'><strong><em>cnm</em></strong></span> <span class='ocrx_word' id='word_1_9' title='bbox 230 704 263 767; x_wconf 90' lang='lat' dir='ltr'><strong><em>in</em></strong></span> <span class='ocrx_word' id='word_1_10' title='bbox 291 699 419 787; x_wconf 88' lang='lat' dir='ltr'><strong>reliquis</strong></span> <span class='ocrx_word' id='word_1_11' title='bbox 450 702 564 777; x_wconf 85' lang='lat' dir='ltr'><strong>rebus,</strong></span> <span class='ocrx_word' id='word_1_12' title='bbox 593 706 660 771; x_wconf 81' lang='lat' dir='ltr'><strong><em>tum</em></strong></span> <span class='ocrx_word' id='word_1_13' title='bbox 694 698 728 765; x_wconf 92' lang='lat' dir='ltr'><strong><em>in</em></strong></span> <span class='ocrx_word' id='word_1_14' title='bbox 762 700 951 785; x_wconf 75' lang='lat' dir='ltr'><strong>generando.</strong></span> <span class='ocrx_word' id='word_1_15' title='bbox 981 702 1187 771; x_wconf 85' lang='lat' dir='ltr'><strong>-Videndum</strong></span> <span class='ocrx_word' id='word_1_16' title='bbox 1209 702 1307 787; x_wconf 77' lang='lat' dir='ltr'><strong>igitur</strong></span> 
     </span>
     <span class='ocr_line' id='line_1_3' title="bbox 132 796 1308 897; baseline 0.001 -25"><span class='ocrx_word' id='word_1_17' title='bbox 132 828 201 873; x_wconf 78' lang='lat' dir='ltr'><strong>ease</strong></span> <span class='ocrx_word' id='word_1_18' title='bbox 226 805 355 871; x_wconf 82' lang='lat' dir='ltr'><strong>summio</strong></span> <span class='ocrx_word' id='word_1_19' title='bbox 379 801 572 888; x_wconf 81' lang='lat' dir='ltr'><strong>reipublicae</strong></span> <span class='ocrx_word' id='word_1_20' title='bbox 589 796 846 889; x_wconf 53' lang='lat' dir='ltr'><strong>-magistreiihusc</strong></span> <span class='ocrx_word' id='word_1_21' title='bbox 873 824 914 870; x_wconf 92' lang='lat' dir='ltr'><strong>ne</strong></span> <span class='ocrx_word' id='word_1_22' title='bbox 939 804 1015 897; x_wconf 86' lang='lat' dir='ltr'><strong>quid</strong></span> <span class='ocrx_word' id='word_1_23' title='bbox 1038 809 1120 893; x_wconf 83' lang='lat' dir='ltr'><strong>circa</strong></span> <span class='ocrx_word' id='word_1_24' title='bbox 1138 808 1308 897; x_wconf 54' lang='lat' dir='ltr'><strong>gymnasii</strong></span> 
     </span>
     <span class='ocr_line' id='line_1_4' title="bbox 132 908 1307 1001; baseline 0.004 -27"><span class='ocrx_word' id='word_1_25' title='bbox 132 932 201 980; x_wconf 84' lang='lat' dir='ltr'><strong>cem</strong></span> <span class='ocrx_word' id='word_1_26' title='bbox 227 918 259 975; x_wconf 78' lang='lat' dir='ltr'><strong>ei</strong></span> <span class='ocrx_word' id='word_1_27' title='bbox 283 910 442 973; x_wconf 54' lang='lat' dir='ltr'><strong>mimicam»</strong></span> <span class='ocrx_word' id='word_1_28' title='bbox 456 914 555 973; x_wconf 80' lang='lat' dir='ltr'><strong>artem</strong></span> <span class='ocrx_word' id='word_1_29' title='bbox 580 915 729 995; x_wconf 70' lang='lat' dir='ltr'><strong>mutetur.</strong></span> <span class='ocrx_word' id='word_1_30' title='bbox 778 908 913 1001; x_wconf 79' lang='lat' dir='ltr'><strong>Interim</strong></span> <span class='ocrx_word' id='word_1_31' title='bbox 940 908 1023 975; x_wconf 89' lang='lat' dir='ltr'><strong>enim</strong></span> <span class='ocrx_word' id='word_1_32' title='bbox 1045 910 1202 989; x_wconf 78' lang='lat' dir='ltr'><strong>civitates,</strong></span> <span class='ocrx_word' id='word_1_33' title='bbox 1234 931 1307 979; x_wconf 88' lang='lat' dir='ltr'><strong><em>cum</em></strong></span> 
     </span>
     <span class='ocr_line' id='line_1_5' title="bbox 133 1012 1305 1103; baseline 0.002 -24"><span class='ocrx_word' id='word_1_34' title='bbox 133 1012 329 1079; x_wconf 79' lang='lat' dir='ltr'><strong>educationis</strong></span> <span class='ocrx_word' id='word_1_35' title='bbox 353 1014 435 1088; x_wconf 82' lang='lat' dir='ltr'><strong>ratio</strong></span> <span class='ocrx_word' id='word_1_36' title='bbox 465 1018 497 1076; x_wconf 80' lang='lat' dir='ltr'><strong>ei</strong></span> <span class='ocrx_word' id='word_1_37' title='bbox 518 1012 654 1081; x_wconf 84' lang='lat' dir='ltr'><strong>musices</strong></span> <span class='ocrx_word' id='word_1_38' title='bbox 678 1012 867 1098; x_wconf 80' lang='lat' dir='ltr'>praecipue,</span> <span class='ocrx_word' id='word_1_39' title='bbox 890 1032 970 1098; x_wconf 89' lang='lat' dir='ltr'><strong>quae</strong></span> <span class='ocrx_word' id='word_1_40' title='bbox 990 1014 1185 1103; x_wconf 76' lang='lat' dir='ltr'><strong>educationis</strong></span> <span class='ocrx_word' id='word_1_41' title='bbox 1207 1016 1305 1081; x_wconf 81' lang='lat' dir='ltr'><strong>multo</strong></span> 
     </span>
     <span class='ocr_line' id='line_1_6' title="bbox 131 1113 1306 1210; baseline 0 -25"><span class='ocrx_word' id='word_1_42' title='bbox 131 1120 233 1185; x_wconf 87' lang='lat' dir='ltr'><strong>maior</strong></span> <span class='ocrx_word' id='word_1_43' title='bbox 262 1122 422 1201; x_wconf 77' lang='lat' dir='ltr'><strong>pareest,</strong></span> <span class='ocrx_word' id='word_1_44' title='bbox 449 1113 504 1197; x_wconf 84' lang='lat' dir='ltr'><strong>(cf.</strong></span> <span class='ocrx_word' id='word_1_45' title='bbox 531 1115 595 1210; x_wconf 83' lang='lat' dir='ltr'><strong>lib.</strong></span> <span class='ocrx_word' id='word_1_46' title='bbox 615 1118 655 1179; x_wconf 90' lang='lat'><strong><em>11.</em></strong></span> <span class='ocrx_word' id='word_1_47' title='bbox 682 1138 716 1200; x_wconf 91' lang='lat' dir='ltr'><strong><em>p.</em></strong></span> <span class='ocrx_word' id='word_1_48' title='bbox 743 1121 816 1185; x_wconf 80' lang='lat'><strong>377.</strong></span> <span class='ocrx_word' id='word_1_49' title='bbox 841 1116 901 1201; x_wconf 79' lang='lat' dir='ltr'><strong>St.)</strong></span> <span class='ocrx_word' id='word_1_50' title='bbox 929 1124 1048 1185; x_wconf 80' lang='lat' dir='ltr'><strong>mutata</strong></span> <span class='ocrx_word' id='word_1_51' title='bbox 1076 1118 1182 1185; x_wconf 79' lang='lat' dir='ltr'><strong>fuerit.</strong></span> <span class='ocrx_word' id='word_1_52' title='bbox 1227 1124 1306 1185; x_wconf 84' lang='lat' dir='ltr'><strong><em>Num</em></strong></span> 
     </span>
     <span class='ocr_line' id='line_1_7' title="bbox 130 1219 1307 1313; baseline 0.001 -24"><span class='ocrx_word' id='word_1_53' title='bbox 130 1220 282 1311; x_wconf 79' lang='lat' dir='ltr'><strong>paulatim</strong></span> <span class='ocrx_word' id='word_1_54' title='bbox 301 1240 336 1285; x_wconf 86' lang='lat' dir='ltr'><strong>se</strong></span> <span class='ocrx_word' id='word_1_55' title='bbox 349 1222 509 1313; x_wconf 82' lang='lat' dir='ltr'><strong>insinuare</strong></span> <span class='ocrx_word' id='word_1_56' title='bbox 529 1219 620 1286; x_wconf 84' lang='lat' dir='ltr'><strong>istam</strong></span> <span class='ocrx_word' id='word_1_57' title='bbox 635 1219 713 1305; x_wconf 82' lang='lat' dir='ltr'><strong>legis</strong></span> <span class='ocrx_word' id='word_1_58' title='bbox 730 1219 960 1306; x_wconf 79' lang='lat' dir='ltr'><strong>negleoiionem</strong></span> <span class='ocrx_word' id='word_1_59' title='bbox 972 1225 1005 1287; x_wconf 90' lang='lat' dir='ltr'><strong><em>in</em></strong></span> <span class='ocrx_word' id='word_1_60' title='bbox 1019 1242 1127 1289; x_wconf 87' lang='lat' dir='ltr'><strong>mores</strong></span> <span class='ocrx_word' id='word_1_61' title='bbox 1141 1230 1173 1289; x_wconf 80' lang='lat' dir='ltr'><strong>et</strong></span> <span class='ocrx_word' id='word_1_62' title='bbox 1192 1223 1307 1309; x_wconf 74' lang='lat' dir='ltr'><strong>agendi</strong></span> 
     </span>
     <span class='ocr_line' id='line_1_8' title="bbox 131 1311 1307 1413; baseline 0 -20"><span class='ocrx_word' id='word_1_63' title='bbox 131 1324 322 1412; x_wconf 70' lang='lat' dir='ltr'><strong>vivendique</strong></span> <span class='ocrx_word' id='word_1_64' title='bbox 343 1311 528 1403; x_wconf 73' lang='lat' dir='ltr'><strong>retioncm3&#39;</strong></span> <span class='ocrx_word' id='word_1_65' title='bbox 541 1322 574 1387; x_wconf 96' lang='lat' dir='ltr'><strong><em>in</em></strong></span> <span class='ocrx_word' id='word_1_66' title='bbox 602 1327 801 1405; x_wconf 77' lang='lat' dir='ltr'><strong>commerciis</strong></span> <span class='ocrx_word' id='word_1_67' title='bbox 818 1328 892 1402; x_wconf 85' lang='lat' dir='ltr'><strong><em>¹iam</em></strong></span> <span class='ocrx_word' id='word_1_68' title='bbox 920 1327 1073 1392; x_wconf 85' lang='lat' dir='ltr'><strong>maiorem</strong></span> <span class='ocrx_word' id='word_1_69' title='bbox 1096 1326 1307 1413; x_wconf 80' lang='lat' dir='ltr'><strong>deprehendi,</strong></span> 
     </span>
     <span class='ocr_line' id='line_1_9' title="bbox 130 1428 1304 1518; baseline -0.001 -20"><span class='ocrx_word' id='word_1_70' title='bbox 130 1440 199 1498; x_wconf 90' lang='lat' dir='ltr'><strong><em>tum</em></strong></span> <span class='ocrx_word' id='word_1_71' title='bbox 225 1448 436 1514; x_wconf 77' lang='lat' dir='ltr'><strong>prorumpere</strong></span> <span class='ocrx_word' id='word_1_72' title='bbox 461 1429 495 1493; x_wconf 92' lang='lat' dir='ltr'><strong><em>in</em></strong></span> <span class='ocrx_word' id='word_1_73' title='bbox 515 1429 719 1518; x_wconf 78' lang='lat' dir='ltr'><strong>legeratque</strong></span> <span class='ocrx_word' id='word_1_74' title='bbox 741 1428 937 1516; x_wconf 80' lang='lat' dir='ltr'><strong>respublicas</strong></span> <span class='ocrx_word' id='word_1_75' title='bbox 959 1450 1032 1495; x_wconf 88' lang='lat' dir='ltr'><strong><em>cum</em></strong></span> <span class='ocrx_word' id='word_1_76' title='bbox 1047 1431 1143 1497; x_wconf 83' lang='lat' dir='ltr'><strong>multa</strong></span> <span class='ocrx_word' id='word_1_77' title='bbox 1165 1431 1304 1509; x_wconf 84' lang='lat' dir='ltr'><strong>licentia,</strong></span> 
     </span>
     <span class='ocr_line' id='line_1_10' title="bbox 130 1534 1306 1617; baseline 0 -16"><span class='ocrx_word' id='word_1_78' title='bbox 130 1537 223 1601; x_wconf 78' lang='lat' dir='ltr'><strong>donoc</strong></span> <span class='ocrx_word' id='word_1_79' title='bbox 248 1534 366 1597; x_wconf 78' lang='grc' dir='ltr'><strong><em>ιακιλιυι</em></strong></span> <span class='ocrx_word' id='word_1_80' title='bbox 382 1535 492 1603; x_wconf 80' lang='grc' dir='ltr'><strong><em>,νεανία</em></strong></span> <span class='ocrx_word' id='word_1_81' title='bbox 513 1541 540 1597; x_wconf 82' lang='grc' dir='ltr'><strong><em>ιι</em></strong></span> <span class='ocrx_word' id='word_1_82' title='bbox 556 1534 681 1615; x_wconf 76' lang='lat' dir='ltr'><strong>privam</strong></span> <span class='ocrx_word' id='word_1_83' title='bbox 701 1542 731 1597; x_wconf 80' lang='lat' dir='ltr'><strong>et</strong></span> <span class='ocrx_word' id='word_1_84' title='bbox 740 1535 863 1617; x_wconf 69' lang='lat' dir='ltr'><strong>polica</strong></span> <span class='ocrx_word' id='word_1_85' title='bbox 884 1542 1005 1599; x_wconf 83' lang='grc' dir='ltr'><strong><em>ιυανιαι.</em></strong></span> <span class='ocrx_word' id='word_1_86' title='bbox 1051 1536 1178 1600; x_wconf 85' lang='lat' dir='ltr'><strong>Servari</strong></span> <span class='ocrx_word' id='word_1_87' title='bbox 1199 1543 1306 1602; x_wconf 86' lang='lat' dir='ltr'><strong>autem</strong></span> 
     </span>
     <span class='ocr_line' id='line_1_11' title="bbox 132 1635 1307 1711; baseline 0.003 -8"><span class='ocrx_word' id='word_1_88' title='bbox 132 1638 275 1705; x_wconf 78' lang='lat' dir='ltr'><strong>civitatee</strong></span> <span class='ocrx_word' id='word_1_89' title='bbox 302 1643 336 1701; x_wconf 84' lang='lat' dir='ltr'><strong>et</strong></span> <span class='ocrx_word' id='word_1_90' title='bbox 355 1635 503 1703; x_wconf 88' lang='lat' dir='ltr'><strong>meliores</strong></span> <span class='ocrx_word' id='word_1_91' title='bbox 523 1635 608 1711; x_wconf 83' lang='lat' dir='ltr'><strong>fieri,</strong></span> <span class='ocrx_word' id='word_1_92' title='bbox 632 1635 670 1703; x_wconf 85' lang='grc' dir='ltr'><strong><em>εἰ</em></strong></span> <span class='ocrx_word' id='word_1_93' title='bbox 685 1639 828 1702; x_wconf 75' lang='lat' dir='ltr'><strong>educatio</strong></span> <span class='ocrx_word' id='word_1_94' title='bbox 852 1640 935 1704; x_wconf 90' lang='lat' dir='ltr'><strong>hona</strong></span> <span class='ocrx_word' id='word_1_95' title='bbox 957 1638 1064 1709; x_wconf 83' lang='lat' dir='ltr'><strong>fuerit</strong></span> <span class='ocrx_word' id='word_1_96' title='bbox 1108 1640 1157 1704; x_wconf 81' lang='lat' dir='ltr'><strong><em>Cf.</em></strong></span> <span class='ocrx_word' id='word_1_97' title='bbox 1181 1641 1237 1705; x_wconf 90' lang='lat' dir='ltr'><strong>lib.</strong></span> <span class='ocrx_word' id='word_1_98' title='bbox 1254 1641 1307 1706; x_wconf 85' lang='lat' dir='ltr'><strong><em>IV.</em></strong></span> 
     </span>
     <span class='ocr_line' id='line_1_12' title="bbox 131 1729 1309 1861; baseline 0.002 -54"><span class='ocrx_word' id='word_1_99' title='bbox 131 1763 167 1861; x_wconf 89' lang='lat' dir='ltr'><strong><em>p.</em></strong></span> <span class='ocrx_word' id='word_1_100' title='bbox 189 1742 261 1809; x_wconf 69' lang='lat' dir='ltr'><strong><em>ouo.</em></strong></span> <span class='ocrx_word' id='word_1_101' title='bbox 284 1742 329 1805; x_wconf 80' lang='lat' dir='ltr'><strong><em>St.</em></strong></span> <span class='ocrx_word' id='word_1_102' title='bbox 373 1740 444 1806; x_wconf 88' lang='grc' dir='ltr'><strong><em>Και</em></strong></span> <span class='ocrx_word' id='word_1_103' title='bbox 451 1764 556 1828; x_wconf 85' lang='grc' dir='ltr'><strong><em>μην,</em></strong></span> <span class='ocrx_word' id='word_1_104' title='bbox 586 1729 693 1820; x_wconf 83' lang='grc' dir='ltr'><strong><em>εἶπον,</em></strong></span> <span class='ocrx_word' id='word_1_105' title='bbox 719 1739 929 1829; x_wconf 79' lang='grc' dir='ltr'><strong><em>πολιτεία,’</em></strong></span> <span class='ocrx_word' id='word_1_106' title='bbox 914 1734 1030 1861; x_wconf 87' lang='grc' dir='ltr'><strong><em>εάνπερ</em></strong></span> <span class='ocrx_word' id='word_1_107' title='bbox 1060 1734 1193 1823; x_wconf 67' lang='grc' dir='ltr'><strong><em>ἀπαξ’</em></strong></span> <span class='ocrx_word' id='word_1_108' title='bbox 1177 1738 1309 1835; x_wconf 81' lang='grc' dir='ltr'><strong><em>αρμήση</em></strong></span> 
     </span>
     <span class='ocr_line' id='line_1_13' title="bbox 133 1832 1310 1965; baseline 0 -52"><span class='ocrx_word' id='word_1_109' title='bbox 133 1832 185 1922; x_wconf 79' lang='grc' dir='ltr'><strong><em>εὖ,</em></strong></span> <span class='ocrx_word' id='word_1_110' title='bbox 207 1844 341 1933; x_wconf 81' lang='grc' dir='ltr'><strong><em>ἔρχεται</em></strong></span> <span class='ocrx_word' id='word_1_111' title='bbox 357 1834 463 1932; x_wconf 73' lang='grc' dir='ltr'><strong><em>ὥσπερ</em></strong></span> <span class='ocrx_word' id='word_1_112' title='bbox 484 1837 602 1934; x_wconf 81' lang='grc' dir='ltr'><strong><em>κύκλος</em></strong></span> <span class='ocrx_word' id='word_1_113' title='bbox 623 1838 835 1929; x_wconf 82' lang='grc' dir='ltr'><strong><em>αὐξανομένη.</em></strong></span> <span class='ocrx_word' id='word_1_114' title='bbox 858 1841 967 1937; x_wconf 76' lang='grc' dir='ltr'><strong><em>τροφὴ</em></strong></span> <span class='ocrx_word' id='word_1_115' title='bbox 983 1842 1047 1965; x_wconf 80' lang='grc' dir='ltr'><strong><em>μάρ</em></strong></span> <span class='ocrx_word' id='word_1_116' title='bbox 1068 1850 1125 1912; x_wconf 79' lang='grc' dir='ltr'><strong><em>καὶ</em></strong></span> <span class='ocrx_word' id='word_1_117' title='bbox 1140 1846 1310 1927; x_wconf 76' lang='grc' dir='ltr'><strong><em>παίδευσις</em></strong></span> 
     </span>
     <span class='ocr_line' id='line_1_14' title="bbox 130 1935 1310 2071; baseline 0.003 -56"><span class='ocrx_word' id='word_1_118' title='bbox 130 1945 256 2039; x_wconf 77' lang='grc' dir='ltr'><strong><em>χρηστὴ</em></strong></span> <span class='ocrx_word' id='word_1_119' title='bbox 280 1949 443 2035; x_wconf 78' lang='grc' dir='ltr'>σωζομένη</span> <span class='ocrx_word' id='word_1_120' title='bbox 465 1942 581 2039; x_wconf 77' lang='grc' dir='ltr'><strong><em>φάσεις</em></strong></span> <span class='ocrx_word' id='word_1_121' title='bbox 593 1942 764 2033; x_wconf 73' lang='grc' dir='ltr'><strong><em>ἀγαθάς’</em></strong></span> <span class='ocrx_word' id='word_1_122' title='bbox 748 1954 890 2035; x_wconf 70' lang='lat' dir='ltr'><strong><em>opacari,</em></strong></span> <span class='ocrx_word' id='word_1_123' title='bbox 912 1954 968 2015; x_wconf 82' lang='grc' dir='ltr'><strong><em>καλ</em></strong></span> <span class='ocrx_word' id='word_1_124' title='bbox 981 1935 1023 2015; x_wconf 75' lang='grc' dir='ltr'><strong><em>αὖ</em></strong></span> <span class='ocrx_word' id='word_1_125' title='bbox 1040 1944 1157 2038; x_wconf 79' lang='grc' dir='ltr'><strong><em>φάσεις</em></strong></span> <span class='ocrx_word' id='word_1_126' title='bbox 1170 1954 1310 2071; x_wconf 77' lang='grc' dir='ltr'><strong><em>χρησταί</em></strong></span> 
     </span>
     <span class='ocr_line' id='line_1_15' title="bbox 133 2046 1311 2181; baseline 0.001 -62"><span class='ocrx_word' id='word_1_127' title='bbox 133 2047 289 2136; x_wconf 75' lang='grc' dir='ltr'><strong><em>τοιαύτης</em></strong></span> <span class='ocrx_word' id='word_1_128' title='bbox 304 2051 459 2130; x_wconf 74' lang='grc' dir='ltr'><strong><em>παιδείας</em></strong></span> <span class='ocrx_word' id='word_1_129' title='bbox 480 2046 845 2137; x_wconf 79' lang='grc' dir='ltr'><strong><em>ἀντιλαμβανόμεναι”</em></strong></span> <span class='ocrx_word' id='word_1_130' title='bbox 826 2075 874 2117; x_wconf 90' lang='grc' dir='ltr'><strong><em>ετι</em></strong></span> <span class='ocrx_word' id='word_1_131' title='bbox 895 2053 1104 2135; x_wconf 81' lang='grc' dir='ltr'><strong><em>βελτίους</em></strong></span> <span class='ocrx_word' id='word_1_132' title='bbox 1059 2076 1124 2119; x_wconf 89' lang='grc' dir='ltr'><strong><em>των</em></strong></span> <span class='ocrx_word' id='word_1_133' title='bbox 1143 2055 1311 2181; x_wconf 81' lang='grc' dir='ltr'><strong><em>προτέρων</em></strong></span> 
     </span>
     <span class='ocr_line' id='line_1_16' title="bbox 134 2140 1312 2276; baseline -0.002 -51"><span class='ocrx_word' id='word_1_134' title='bbox 134 2150 279 2249; x_wconf 77' lang='grc' dir='ltr'><strong><em>φύονται</em></strong></span> <span class='ocrx_word' id='word_1_135' title='bbox 305 2160 351 2234; x_wconf 82' lang='grc' dir='ltr'><strong><em>εἴς</em></strong></span> <span class='ocrx_word' id='word_1_136' title='bbox 378 2179 412 2222; x_wconf 88' lang='grc' dir='ltr'><strong><em>τε</em></strong></span> <span class='ocrx_word' id='word_1_137' title='bbox 439 2140 545 2221; x_wconf 85' lang='grc' dir='ltr'><strong><em>τάλλα</em></strong></span> <span class='ocrx_word' id='word_1_138' title='bbox 574 2160 630 2222; x_wconf 79' lang='grc' dir='ltr'><strong><em>καὶ</em></strong></span> <span class='ocrx_word' id='word_1_139' title='bbox 658 2150 704 2233; x_wconf 79' lang='grc' dir='ltr'><strong><em>εἰς</em></strong></span> <span class='ocrx_word' id='word_1_140' title='bbox 732 2151 770 2220; x_wconf 86' lang='grc' dir='ltr'><strong><em>τὸ</em></strong></span> <span class='ocrx_word' id='word_1_141' title='bbox 799 2154 949 2276; x_wconf 70' lang='grc' dir='ltr'><strong><em>γεννᾶν,</em></strong></span> <span class='ocrx_word' id='word_1_142' title='bbox 963 2146 1070 2246; x_wconf 80' lang='grc' dir='ltr'><strong><em>ὥσπερ</em></strong></span> <span class='ocrx_word' id='word_1_143' title='bbox 1099 2160 1163 2223; x_wconf 86' lang='grc' dir='ltr'><strong><em>καὶ</em></strong></span> <span class='ocrx_word' id='word_1_144' title='bbox 1182 2156 1214 2226; x_wconf 88' lang='grc' dir='ltr'><strong><em>έν</em></strong></span> <span class='ocrx_word' id='word_1_145' title='bbox 1242 2161 1312 2235; x_wconf 82' lang='grc' dir='ltr'><strong><em>τοῖς</em></strong></span> 
     </span>
     <span class='ocr_line' id='line_1_17' title="bbox 136 2251 1310 2381; baseline 0.001 -55"><span class='ocrx_word' id='word_1_146' title='bbox 136 2256 256 2378; x_wconf 79' lang='grc' dir='ltr'><strong><em>ἀλλοις</em></strong></span> <span class='ocrx_word' id='word_1_147' title='bbox 265 2254 377 2343; x_wconf 84' lang='grc' dir='ltr'><strong><em>ζωοις.</em></strong></span> <span class='ocrx_word' id='word_1_148' title='bbox 419 2254 614 2345; x_wconf 41' lang='grc' dir='ltr'><strong><em>Εἰκόςμᾛ</em></strong></span> <span class='ocrx_word' id='word_1_149' title='bbox 603 2257 678 2341; x_wconf 85' lang='grc' dir='ltr'><strong><em>έφη.</em></strong></span> <span class='ocrx_word' id='word_1_150' title='bbox 718 2251 778 2337; x_wconf 82' lang='grc' dir='ltr'><strong><em>Ως</em></strong></span> <span class='ocrx_word' id='word_1_151' title='bbox 806 2258 916 2325; x_wconf 79' lang='grc' dir='ltr'><strong><em>τοίνυν</em></strong></span> <span class='ocrx_word' id='word_1_152' title='bbox 943 2256 999 2325; x_wconf 86' lang='grc' dir='ltr'><strong><em>διὰ</em></strong></span> <span class='ocrx_word' id='word_1_153' title='bbox 1025 2254 1225 2381; x_wconf 77' lang='grc' dir='ltr'><strong><em>βραχίον’</em></strong></span> <span class='ocrx_word' id='word_1_154' title='bbox 1195 2264 1310 2347; x_wconf 83' lang='grc' dir='ltr'><strong><em>ειπεῖν,</em></strong></span> 
     </span>
     <span class='ocr_line' id='line_1_18' title="bbox 137 2353 1314 2450; baseline 0 -19"><span class='ocrx_word' id='word_1_155' title='bbox 137 2358 257 2431; x_wconf 78' lang='grc' dir='ltr'><strong><em>τούτου</em></strong></span> <span class='ocrx_word' id='word_1_156' title='bbox 279 2358 460 2430; x_wconf 77' lang='grc' dir='ltr'><strong><em>ἀνθεκτέον</em></strong></span> <span class='ocrx_word' id='word_1_157' title='bbox 474 2387 544 2441; x_wconf 79' lang='grc' dir='ltr'><strong><em>τοις</em></strong></span> <span class='ocrx_word' id='word_1_158' title='bbox 565 2364 772 2450; x_wconf 80' lang='grc' dir='ltr'><strong><em>ε’πιμεληταις</em></strong></span> <span class='ocrx_word' id='word_1_159' title='bbox 793 2361 854 2449; x_wconf 80' lang='grc' dir='ltr'><strong><em>τῆς</em></strong></span> <span class='ocrx_word' id='word_1_160' title='bbox 874 2353 1055 2442; x_wconf 72' lang='grc' dir='ltr'><strong><em>πόλεως,“</em></strong></span> <span class='ocrx_word' id='word_1_161' title='bbox 1036 2388 1124 2442; x_wconf 77' lang='grc' dir='ltr'><strong><em>οπως</em></strong></span> <span class='ocrx_word' id='word_1_162' title='bbox 1136 2358 1177 2430; x_wconf 83' lang='grc' dir='ltr'><strong><em>ἀν</em></strong></span> <span class='ocrx_word' id='word_1_163' title='bbox 1192 2358 1314 2443; x_wconf 76' lang='grc' dir='ltr'><strong><em>αὐτους</em></strong></span> 
     </span>
    </p>
   </div>
   <div class='ocr_carea' id='block_1_2' title="bbox 134 2460 1436 2595">
    <p class='ocr_par' dir='ltr' id='par_1_2' title="bbox 134 2460 1436 2595">
     <span class='ocr_line' id='line_1_19' title="bbox 134 2460 1436 2595; baseline -0.001 -61"><span class='ocrx_word' id='word_1_164' title='bbox 134 2464 181 2554; x_wconf 76' lang='grc' dir='ltr'><strong><em>μὴ</em></strong></span> <span class='ocrx_word' id='word_1_165' title='bbox 205 2462 301 2561; x_wconf 76' lang='grc' dir='ltr'><strong><em>λάθη</em></strong></span> <span class='ocrx_word' id='word_1_166' title='bbox 323 2468 500 2595; x_wconf 75' lang='grc' dir='ltr'><strong><em>ὃιαφθαρὲ</em></strong></span> <span class='ocrx_word' id='word_1_167' title='bbox 501 2489 538 2541; x_wconf 90' lang='grc' dir='ltr'><strong><em>ν,</em></strong></span> <span class='ocrx_word' id='word_1_168' title='bbox 570 2460 657 2532; x_wconf 87' lang='grc' dir='ltr'><strong><em>ἀλλά</em></strong></span> <span class='ocrx_word' id='word_1_169' title='bbox 677 2462 774 2557; x_wconf 90' lang='grc' dir='ltr'><strong><em>παρά</em></strong></span> <span class='ocrx_word' id='word_1_170' title='bbox 790 2460 901 2553; x_wconf 82' lang='grc' dir='ltr'><strong><em>πάντα</em></strong></span> <span class='ocrx_word' id='word_1_171' title='bbox 931 2460 1014 2533; x_wconf 81' lang='grc' dir='ltr'><strong><em>αὐτὸ</em></strong></span> <span class='ocrx_word' id='word_1_172' title='bbox 1036 2461 1246 2587; x_wconf 78' lang='grc' dir='ltr'><strong><em>φυλάττωσι,</em></strong></span> <span class='ocrx_word' id='word_1_173' title='bbox 1274 2462 1313 2533; x_wconf 79' lang='grc' dir='ltr'><strong><em>τί</em></strong></span> <span class='ocrx_word' id='word_1_174' title='bbox 1389 2487 1395 2498; x_wconf 77' lang='grc'><strong>“</strong></span> <span class='ocrx_word' id='word_1_175' title='bbox 1428 2509 1436 2524; x_wconf 89' lang='lat'><strong>·</strong></span> 
     </span>
    </p>
   </div>
   <div class='ocr_carea' id='block_1_3' title="bbox 132 2564 1349 4427">
    <p class='ocr_par' dir='ltr' id='par_1_3' title="bbox 132 2564 1313 2861">
     <span class='ocr_line' id='line_1_20' title="bbox 132 2564 1313 2695; baseline 0.001 -58"><span class='ocrx_word' id='word_1_176' title='bbox 132 2566 179 2657; x_wconf 77' lang='grc' dir='ltr'><strong><em>μὴ</em></strong></span> <span class='ocrx_word' id='word_1_177' title='bbox 202 2571 395 2695; x_wconf 84' lang='grc' dir='ltr'><strong><em>νεωτερίζειν</em></strong></span> <span class='ocrx_word' id='word_1_178' title='bbox 415 2575 488 2660; x_wconf 86' lang='grc' dir='ltr'><strong><em>περὶ</em></strong></span> <span class='ocrx_word' id='word_1_179' title='bbox 509 2565 712 2659; x_wconf 78' lang='grc' dir='ltr'><strong><em>μυμναςικήυ</em></strong></span> <span class='ocrx_word' id='word_1_180' title='bbox 733 2594 768 2638; x_wconf 92' lang='grc' dir='ltr'><strong><em>τε</em></strong></span> <span class='ocrx_word' id='word_1_181' title='bbox 781 2574 837 2637; x_wconf 81' lang='grc' dir='ltr'><strong><em>καὶ</em></strong></span> <span class='ocrx_word' id='word_1_182' title='bbox 851 2564 1014 2656; x_wconf 76' lang='grc' dir='ltr'><strong><em>μουσικήν</em></strong></span> <span class='ocrx_word' id='word_1_183' title='bbox 1028 2596 1121 2662; x_wconf 90' lang='grc' dir='ltr'><strong><em>παρα</em></strong></span> <span class='ocrx_word' id='word_1_184' title='bbox 1132 2594 1191 2653; x_wconf 88' lang='grc' dir='ltr'><strong><em>την</em></strong></span> <span class='ocrx_word' id='word_1_185' title='bbox 1212 2565 1313 2653; x_wconf 79' lang='grc' dir='ltr'><strong><em>τάξιν,</em></strong></span> 
     </span>
     <span class='ocr_line' id='line_1_21' title="bbox 135 2665 1312 2819; baseline 0.002 -80"><span class='ocrx_word' id='word_1_186' title='bbox 135 2668 250 2741; x_wconf 72' lang='grc' dir='ltr'><strong><em>ἀλλΗ</em></strong></span> <span class='ocrx_word' id='word_1_187' title='bbox 229 2701 272 2753; x_wconf 82' lang='grc' dir='ltr'><strong><em>ως</em></strong></span> <span class='ocrx_word' id='word_1_188' title='bbox 292 2668 407 2742; x_wconf 87' lang='grc' dir='ltr'><strong><em>οἷόντε</em></strong></span> <span class='ocrx_word' id='word_1_189' title='bbox 422 2669 549 2761; x_wconf 87' lang='grc' dir='ltr'><strong><em>μάλιςα</em></strong></span> <span class='ocrx_word' id='word_1_190' title='bbox 571 2668 775 2765; x_wconf 78' lang='grc' dir='ltr'><strong><em>φυλάττειν,</em></strong></span> <span class='ocrx_word' id='word_1_191' title='bbox 786 2665 1078 2819; x_wconf 75' lang='grc' dir='ltr'><strong><em>φαβουμέυους,“</em></strong></span> <span class='ocrx_word' id='word_1_192' title='bbox 1059 2698 1142 2743; x_wconf 92' lang='grc' dir='ltr'><strong><em>οταν</em></strong></span> <span class='ocrx_word' id='word_1_193' title='bbox 1156 2700 1207 2755; x_wconf 83' lang='grc' dir='ltr'><strong><em>τις</em></strong></span> <span class='ocrx_word' id='word_1_194' title='bbox 1221 2676 1312 2770; x_wconf 71' lang='grc' dir='ltr'><strong><em>λέμη,</em></strong></span> 
     </span>
     <span class='ocr_line' id='line_1_22' title="bbox 136 2772 263 2861; baseline 0 -16"><span class='ocrx_word' id='word_1_195' title='bbox 136 2772 182 2857; x_wconf 80' lang='grc' dir='ltr'><strong><em>ὡς</em></strong></span> <span class='ocrx_word' id='word_1_196' title='bbox 202 2773 263 2861; x_wconf 82' lang='grc' dir='ltr'><strong><em>τὴν</em></strong></span> 
     </span>
    </p>

    <p class='ocr_par' dir='ltr' id='par_1_4' title="bbox 360 2837 1089 2974">
     <span class='ocr_line' id='line_1_23' title="bbox 360 2837 1089 2974; baseline 0.003 -26"><span class='ocrx_word' id='word_1_197' title='bbox 360 2837 623 2968; x_wconf 82' lang='grc' dir='ltr'><strong><em>ἀοιδὴνμάλλον</em></strong></span> <span class='ocrx_word' id='word_1_198' title='bbox 643 2877 869 2974; x_wconf 80' lang='grc' dir='ltr'><strong><em>έπιφρανέουσ</em></strong></span> <span class='ocrx_word' id='word_1_199' title='bbox 894 2878 1089 2973; x_wconf 69' lang='grc' dir='ltr'><strong><em>ἀνθ-ρωποι,</em></strong></span> 
     </span>
    </p>

    <p class='ocr_par' dir='ltr' id='par_1_5' title="bbox 133 2975 1349 4427">
     <span class='ocr_line' id='line_1_24' title="bbox 359 2975 1130 3077; baseline 0.003 -24"><span class='ocrx_word' id='word_1_200' title='bbox 359 2975 430 3074; x_wconf 71' lang='grc' dir='ltr'><strong><em>ἥτις</em></strong></span> <span class='ocrx_word' id='word_1_201' title='bbox 451 2979 651 3074; x_wconf 73' lang='grc' dir='ltr'><strong><em>ἀειδόντεσσι</em></strong></span> <span class='ocrx_word' id='word_1_202' title='bbox 673 2979 817 3067; x_wconf 83' lang='grc' dir='ltr'><strong><em>νεωτάτη</em></strong></span> <span class='ocrx_word' id='word_1_203' title='bbox 840 2980 1087 3077; x_wconf 75' lang='grc' dir='ltr'><strong><em>ἀμφιπέληται,</em></strong></span> <span class='ocrx_word' id='word_1_204' title='bbox 1126 3054 1130 3074; x_wconf 69' lang='grc'>,</span> 
     </span>
     <span class='ocr_line' id='line_1_25' title="bbox 133 3082 1314 3184; baseline 0.002 -29"><span class='ocrx_word' id='word_1_205' title='bbox 133 3085 185 3180; x_wconf 77' lang='grc' dir='ltr'><strong><em>μὴ1</em></strong></span> <span class='ocrx_word' id='word_1_206' title='bbox 196 3082 355 3167; x_wconf 84' lang='grc' dir='ltr'><strong><em>πολλάκις</em></strong></span> <span class='ocrx_word' id='word_1_207' title='bbox 363 3086 426 3184; x_wconf 84' lang='grc' dir='ltr'><strong><em>τὸν</em></strong></span> <span class='ocrx_word' id='word_1_208' title='bbox 438 3084 578 3173; x_wconf 80' lang='grc' dir='ltr'><strong><em>ποιητήν</em></strong></span> <span class='ocrx_word' id='word_1_209' title='bbox 592 3112 641 3168; x_wconf 78' lang='grc' dir='ltr'><strong><em>τις</em></strong></span> <span class='ocrx_word' id='word_1_210' title='bbox 656 3090 767 3171; x_wconf 88' lang='grc' dir='ltr'><strong><em>οἴηται</em></strong></span> <span class='ocrx_word' id='word_1_211' title='bbox 785 3093 889 3175; x_wconf 83' lang='grc' dir='ltr'><strong><em>λέγειν</em></strong></span> <span class='ocrx_word' id='word_1_212' title='bbox 911 3085 971 3157; x_wconf 82' lang='grc' dir='ltr'><strong><em>οὐκ</em></strong></span> <span class='ocrx_word' id='word_1_213' title='bbox 985 3086 1123 3181; x_wconf 77' lang='grc' dir='ltr'><strong><em>ᾄσματα</em></strong></span> <span class='ocrx_word' id='word_1_214' title='bbox 1138 3092 1212 3173; x_wconf 89' lang='grc' dir='ltr'><strong><em>νέα,</em></strong></span> <span class='ocrx_word' id='word_1_215' title='bbox 1225 3085 1314 3158; x_wconf 83' lang='grc' dir='ltr'><strong><em>ἀλλά</em></strong></span> 
     </span>
     <span class='ocr_line' id='line_1_26' title="bbox 135 3187 1332 3289; baseline 0.003 -29"><span class='ocrx_word' id='word_1_216' title='bbox 135 3187 259 3280; x_wconf 85' lang='grc' dir='ltr'><strong><em>τρόπον</em></strong></span> <span class='ocrx_word' id='word_1_217' title='bbox 270 3187 456 3286; x_wconf 73' lang='grc' dir='ltr'><strong><em>ᾠδῆςνέον,</em></strong></span> <span class='ocrx_word' id='word_1_218' title='bbox 477 3198 534 3261; x_wconf 83' lang='grc' dir='ltr'><strong><em>καὶ</em></strong></span> <span class='ocrx_word' id='word_1_219' title='bbox 545 3193 643 3275; x_wconf 84' lang='grc' dir='ltr'><strong><em>τοῦτο</em></strong></span> <span class='ocrx_word' id='word_1_220' title='bbox 657 3193 783 3287; x_wconf 78' lang='grc' dir='ltr'><strong><em>ἐπαινῇ.</em></strong></span> <span class='ocrx_word' id='word_1_221' title='bbox 800 3188 880 3261; x_wconf 77' lang='grc' dir='ltr'><strong><em>δεῐδ</em></strong></span> <span class='ocrx_word' id='word_1_222' title='bbox 906 3189 973 3260; x_wconf 71' lang='grc' dir='ltr'><strong><em>οὔτ’</em></strong></span> <span class='ocrx_word' id='word_1_223' title='bbox 1000 3195 1141 3263; x_wconf 80' lang='grc' dir='ltr'><strong><em>ἐπαινεῖν</em></strong></span> <span class='ocrx_word' id='word_1_224' title='bbox 1153 3191 1191 3261; x_wconf 85' lang='grc' dir='ltr'><strong><em>τὸ</em></strong></span> <span class='ocrx_word' id='word_1_225' title='bbox 1207 3194 1332 3289; x_wconf 77' lang='grc' dir='ltr'><strong><em>τοιοῦ-Ι</em></strong></span> 
     </span>
     <span class='ocr_line' id='line_1_27' title="bbox 135 3288 1315 3387; baseline 0.003 -24"><span class='ocrx_word' id='word_1_226' title='bbox 135 3321 193 3365; x_wconf 91' lang='grc' dir='ltr'><strong><em>τον</em></strong></span> <span class='ocrx_word' id='word_1_227' title='bbox 214 3293 288 3364; x_wconf 77' lang='grc' dir='ltr'><strong><em>οὔτε</em></strong></span> <span class='ocrx_word' id='word_1_228' title='bbox 308 3289 565 3383; x_wconf 83' lang='grc' dir='ltr'><strong><em>ὑπολαμβάνειν·</em></strong></span> <span class='ocrx_word' id='word_1_229' title='bbox 590 3288 676 3375; x_wconf 78' lang='grc' dir='ltr'><strong><em>εἶδος</em></strong></span> <span class='ocrx_word' id='word_1_230' title='bbox 697 3294 762 3387; x_wconf 76' lang='grc' dir='ltr'><strong><em>γὰρ</em></strong></span> <span class='ocrx_word' id='word_1_231' title='bbox 778 3294 893 3369; x_wconf 87' lang='grc' dir='ltr'><strong><em>καινὸν</em></strong></span> <span class='ocrx_word' id='word_1_232' title='bbox 914 3298 1074 3385; x_wconf 80' lang='grc' dir='ltr'><strong><em>μουσικῆς</em></strong></span> <span class='ocrx_word' id='word_1_233' title='bbox 1095 3293 1315 3387; x_wconf 88' lang='grc' dir='ltr'><strong><em>μεταβάλλειν</em></strong></span> 
     </span>
     <span class='ocr_line' id='line_1_28' title="bbox 135 3393 1314 3496; baseline 0.001 -28"><span class='ocrx_word' id='word_1_234' title='bbox 135 3395 392 3487; x_wconf 79' lang='grc' dir='ltr'><strong><em>εὐλαβητέονὼς</em></strong></span> <span class='ocrx_word' id='word_1_235' title='bbox 407 3402 446 3468; x_wconf 82' lang='grc' dir='ltr'><strong><em>ἐν</em></strong></span> <span class='ocrx_word' id='word_1_236' title='bbox 460 3393 538 3496; x_wconf 76' lang='grc' dir='ltr'><strong><em>ὅλῳ</em></strong></span> <span class='ocrx_word' id='word_1_237' title='bbox 552 3396 855 3469; x_wconf 75' lang='grc' dir='ltr'><strong><em>κινδυνεύοντα·</em></strong></span> <span class='ocrx_word' id='word_1_238' title='bbox 871 3396 1056 3486; x_wconf 78' lang='grc' dir='ltr'><strong><em>οὐδαμοῦ</em></strong></span> <span class='ocrx_word' id='word_1_239' title='bbox 1067 3398 1145 3493; x_wconf 79' lang='grc' dir='ltr'><strong><em>γάρ</em></strong></span> <span class='ocrx_word' id='word_1_240' title='bbox 1163 3400 1314 3494; x_wconf 83' lang='grc' dir='ltr'><strong><em>κινοῦν·</em></strong></span> 
     </span>
     <span class='ocr_line' id='line_1_29' title="bbox 136 3499 1316 3595; baseline -0.001 -23"><span class='ocrx_word' id='word_1_241' title='bbox 136 3528 203 3572; x_wconf 90' lang='grc' dir='ltr'><strong><em>ται</em></strong></span> <span class='ocrx_word' id='word_1_242' title='bbox 222 3505 428 3591; x_wconf 79' lang='grc' dir='ltr'><strong><em>μουσικῆς</em></strong></span> <span class='ocrx_word' id='word_1_243' title='bbox 448 3500 599 3595; x_wconf 85' lang='grc' dir='ltr'><strong><em>τρόποι</em></strong></span> <span class='ocrx_word' id='word_1_244' title='bbox 620 3501 716 3572; x_wconf 85' lang='grc' dir='ltr'><strong><em>ἀνευ</em></strong></span> <span class='ocrx_word' id='word_1_245' title='bbox 737 3504 968 3573; x_wconf 79' lang='grc' dir='ltr'><strong><em>πολιτικῶν</em></strong></span> <span class='ocrx_word' id='word_1_246' title='bbox 989 3499 1125 3591; x_wconf 88' lang='grc' dir='ltr'><strong><em>νόμων</em></strong></span> <span class='ocrx_word' id='word_1_247' title='bbox 1154 3505 1230 3571; x_wconf 82' lang='grc' dir='ltr'><strong><em>τῶν</em></strong></span> <span class='ocrx_word' id='word_1_248' title='bbox 1252 3529 1316 3593; x_wconf 84' lang='grc' dir='ltr'><strong><em>με·</em></strong></span> 
     </span>
     <span class='ocr_line' id='line_1_30' title="bbox 135 3602 1316 3728; baseline -0.001 -53"><span class='ocrx_word' id='word_1_249' title='bbox 135 3609 270 3695; x_wconf 77' lang='grc' dir='ltr'><strong><em>μίςων,</em></strong></span> <span class='ocrx_word' id='word_1_250' title='bbox 293 3602 343 3685; x_wconf 84' lang='grc' dir='ltr'><strong><em>ὡς</em></strong></span> <span class='ocrx_word' id='word_1_251' title='bbox 354 3609 464 3728; x_wconf 84' lang='grc' dir='ltr'><strong><em>φησί</em></strong></span> <span class='ocrx_word' id='word_1_252' title='bbox 485 3633 526 3675; x_wconf 90' lang='grc' dir='ltr'><strong><em>τε</em></strong></span> <span class='ocrx_word' id='word_1_253' title='bbox 551 3602 698 3694; x_wconf 82' lang='grc' dir='ltr'><strong><em>Δάμων</em></strong></span> <span class='ocrx_word' id='word_1_254' title='bbox 719 3613 786 3675; x_wconf 78' lang='grc' dir='ltr'><strong><em>καὶ</em></strong></span> <span class='ocrx_word' id='word_1_255' title='bbox 811 3604 887 3695; x_wconf 76' lang='grc' dir='ltr'><strong><em>ἐμω</em></strong></span> <span class='ocrx_word' id='word_1_256' title='bbox 915 3610 1134 3695; x_wconf 74' lang='grc' dir='ltr'><strong><em>πείθομαι.</em></strong></span> <span class='ocrx_word' id='word_1_257' title='bbox 1165 3609 1237 3675; x_wconf 79' lang='grc' dir='ltr'><strong><em>Καὶ</em></strong></span> <span class='ocrx_word' id='word_1_258' title='bbox 1260 3609 1316 3695; x_wconf 76' lang='grc' dir='ltr'><strong><em>ἐμὲ</em></strong></span> 
     </span>
     <span class='ocr_line' id='line_1_31' title="bbox 136 3706 1316 3831; baseline -0.001 -52"><span class='ocrx_word' id='word_1_259' title='bbox 136 3712 255 3789; x_wconf 87' lang='grc' dir='ltr'><strong><em>τοίνυν,</em></strong></span> <span class='ocrx_word' id='word_1_260' title='bbox 248 3706 365 3831; x_wconf 80' lang='grc' dir='ltr'><strong><em>ἔφηὸ</em></strong></span> <span class='ocrx_word' id='word_1_261' title='bbox 374 3707 602 3798; x_wconf 82' lang='grc' dir='ltr'><strong><em>Ἀδείμαντος,</em></strong></span> <span class='ocrx_word' id='word_1_262' title='bbox 617 3713 743 3791; x_wconf 75' lang='grc' dir='ltr'><strong><em>θὲς</em></strong></span> <span class='ocrx_word' id='word_1_263' title='bbox 698 3737 762 3779; x_wconf 89' lang='grc' dir='ltr'><strong><em>των</em></strong></span> <span class='ocrx_word' id='word_1_264' title='bbox 777 3710 1007 3801; x_wconf 85' lang='grc' dir='ltr'><strong><em>πεπεισμένων</em></strong></span> <span class='ocrx_word' id='word_1_265' title='bbox 1032 3710 1078 3779; x_wconf 85' lang='grc' dir='ltr'><strong><em>Τὸ</em></strong></span> <span class='ocrx_word' id='word_1_266' title='bbox 1092 3709 1131 3799; x_wconf 76' lang='grc' dir='ltr'><strong><em>δὴ</em></strong></span> <span class='ocrx_word' id='word_1_267' title='bbox 1147 3706 1316 3805; x_wconf 76' lang='grc' dir='ltr'><strong><em>φυλακτη·</em></strong></span> 
     </span>
     <span class='ocr_line' id='line_1_32' title="bbox 137 3802 1317 3907; baseline 0.001 -25"><span class='ocrx_word' id='word_1_268' title='bbox 137 3840 221 3903; x_wconf 89' lang='grc' dir='ltr'><strong><em>ριον,</em></strong></span> <span class='ocrx_word' id='word_1_269' title='bbox 241 3802 370 3897; x_wconf 62' lang='grc' dir='ltr'><strong><em>ἀνι)Η</em></strong></span> <span class='ocrx_word' id='word_1_270' title='bbox 355 3812 425 3900; x_wconf 79' lang='grc' dir='ltr'><strong><em>εγὼ,</em></strong></span> <span class='ocrx_word' id='word_1_271' title='bbox 448 3810 614 3896; x_wconf 76' lang='grc' dir='ltr'><strong><em>έιςέοικεν,</em></strong></span> <span class='ocrx_word' id='word_1_272' title='bbox 630 3812 783 3883; x_wconf 73' lang='grc' dir='ltr'><strong><em>ἐνταῦθά</em></strong></span> <span class='ocrx_word' id='word_1_273' title='bbox 796 3842 860 3885; x_wconf 90' lang='grc' dir='ltr'><strong><em>που</em></strong></span> <span class='ocrx_word' id='word_1_274' title='bbox 876 3813 1191 3904; x_wconf 84' lang='grc' dir='ltr'><strong><em>οίκοδομητέοντοῑς</em></strong></span> <span class='ocrx_word' id='word_1_275' title='bbox 1207 3811 1317 3907; x_wconf 83' lang='grc' dir='ltr'><strong><em>φύλα-</em></strong></span> 
     </span>
     <span class='ocr_line' id='line_1_33' title="bbox 137 3910 1349 4047; baseline 0.002 -62"><span class='ocrx_word' id='word_1_276' title='bbox 137 3919 233 4003; x_wconf 79' lang='grc' dir='ltr'><strong><em>ξιν,’</em></strong></span> <span class='ocrx_word' id='word_1_277' title='bbox 217 3918 413 4013; x_wconf 77' lang='grc' dir='ltr'><strong><em>ευμουσικῇ</em></strong></span> <span class='ocrx_word' id='word_1_278' title='bbox 402 3914 479 3985; x_wconf 91' lang='grc' dir='ltr'><em>Η</em></span> <span class='ocrx_word' id='word_1_279' title='bbox 484 3944 563 4006; x_wconf 75' lang='lat' dir='ltr'><strong><em>your</em></strong></span> <span class='ocrx_word' id='word_1_280' title='bbox 576 3920 787 4047; x_wconf 85' lang='grc' dir='ltr'><strong><em>παρανομία,</em></strong></span> <span class='ocrx_word' id='word_1_281' title='bbox 806 3919 887 4013; x_wconf 85' lang='grc' dir='ltr'><strong><em>ἔφη,</em></strong></span> <span class='ocrx_word' id='word_1_282' title='bbox 908 3921 1029 4013; x_wconf 84' lang='grc' dir='ltr'><strong><em>ῥαδίως</em></strong></span> <span class='ocrx_word' id='word_1_283' title='bbox 1049 3910 1133 4003; x_wconf 83' lang='grc' dir='ltr'><strong><em>αὕτη</em></strong></span> <span class='ocrx_word' id='word_1_284' title='bbox 1137 3915 1317 3987; x_wconf 74' lang='grc' dir='ltr'><strong><em>λανθάνει</em></strong></span> <span class='ocrx_word' id='word_1_285' title='bbox 1346 3918 1349 3924; x_wconf 73' lang='grc'><strong>’</strong></span> 
     </span>
     <span class='ocr_line' id='line_1_34' title="bbox 136 4018 1317 4115; baseline 0.002 -24"><span class='ocrx_word' id='word_1_286' title='bbox 136 4025 380 4113; x_wconf 85' lang='grc' dir='ltr'><strong><em>παραδυομένη.</em></strong></span> <span class='ocrx_word' id='word_1_287' title='bbox 411 4023 531 4104; x_wconf 86' lang='grc' dir='ltr'><strong><em>Ναι,’</em></strong></span> <span class='ocrx_word' id='word_1_288' title='bbox 519 4023 620 4109; x_wconf 86' lang='grc' dir='ltr'><strong><em>έφην,</em></strong></span> <span class='ocrx_word' id='word_1_289' title='bbox 641 4018 684 4103; x_wconf 82' lang='grc' dir='ltr'><strong><em>ὡς</em></strong></span> <span class='ocrx_word' id='word_1_290' title='bbox 705 4026 738 4091; x_wconf 84' lang='grc' dir='ltr'><strong><em>έν</em></strong></span> <span class='ocrx_word' id='word_1_291' title='bbox 758 4026 893 4104; x_wconf 84' lang='grc' dir='ltr'><strong><em>παιδιάς</em></strong></span> <span class='ocrx_word' id='word_1_292' title='bbox 913 4050 949 4111; x_wconf 82' lang='lat' dir='ltr'><strong><em>yn</em></strong></span> <span class='ocrx_word' id='word_1_293' title='bbox 969 4028 1059 4115; x_wconf 91' lang='grc' dir='ltr'><strong><em>μέρει</em></strong></span> <span class='ocrx_word' id='word_1_294' title='bbox 1080 4030 1135 4091; x_wconf 78' lang='grc' dir='ltr'><strong><em>καὶ</em></strong></span> <span class='ocrx_word' id='word_1_295' title='bbox 1160 4050 1202 4101; x_wconf 85' lang='grc' dir='ltr'><strong><em>ως</em></strong></span> <span class='ocrx_word' id='word_1_296' title='bbox 1214 4046 1317 4093; x_wconf 88' lang='grc' dir='ltr'><strong><em>κακον</em></strong></span> 
     </span>
     <span class='ocr_line' id='line_1_35' title="bbox 138 4122 1315 4248; baseline -0.002 -53"><span class='ocrx_word' id='word_1_297' title='bbox 138 4123 233 4195; x_wconf 77' lang='grc' dir='ltr'><strong><em>οὐδὲν</em></strong></span> <span class='ocrx_word' id='word_1_298' title='bbox 253 4128 463 4217; x_wconf 80' lang='grc' dir='ltr'><strong><em>εργαζομένη.</em></strong></span> <span class='ocrx_word' id='word_1_299' title='bbox 491 4123 573 4194; x_wconf 72' lang='lat' dir='ltr'><strong>dide</strong></span> <span class='ocrx_word' id='word_1_300' title='bbox 559 4126 658 4218; x_wconf 77' lang='grc' dir='ltr'><strong><em>ὲμάρ</em></strong></span> <span class='ocrx_word' id='word_1_301' title='bbox 681 4124 909 4219; x_wconf 79' lang='grc' dir='ltr'><strong><em>έργάζεται,”</em></strong></span> <span class='ocrx_word' id='word_1_302' title='bbox 891 4154 970 4248; x_wconf 86' lang='grc' dir='ltr'><strong><em>εφη,</em></strong></span> <span class='ocrx_word' id='word_1_303' title='bbox 995 4124 1077 4195; x_wconf 85' lang='grc' dir='ltr'><strong><em>ἀλλο</em></strong></span> <span class='ocrx_word' id='word_1_304' title='bbox 1099 4152 1152 4213; x_wconf 78' lang='grc' dir='ltr'><strong><em>με,</em></strong></span> <span class='ocrx_word' id='word_1_305' title='bbox 1185 4122 1207 4193; x_wconf 83' lang='grc' dir='ltr'><strong><em>ί</em></strong></span> <span class='ocrx_word' id='word_1_306' title='bbox 1229 4124 1315 4207; x_wconf 84' lang='grc' dir='ltr'><strong><em>κατά</em></strong></span> 
     </span>
     <span class='ocr_line' id='line_1_36' title="bbox 139 4225 1316 4324; baseline 0 -27"><span class='ocrx_word' id='word_1_307' title='bbox 139 4253 278 4320; x_wconf 89' lang='grc' dir='ltr'><strong><em>σμικρον</em></strong></span> <span class='ocrx_word' id='word_1_308' title='bbox 305 4225 546 4318; x_wconf 89' lang='grc' dir='ltr'><strong><em>εἰσοικισαμένη</em></strong></span> <span class='ocrx_word' id='word_1_309' title='bbox 575 4226 680 4323; x_wconf 81' lang='grc' dir='ltr'><strong><em>ἠρέμα</em></strong></span> <span class='ocrx_word' id='word_1_310' title='bbox 708 4226 848 4324; x_wconf 83' lang='grc' dir='ltr'><strong><em>ὑπορρεῖ</em></strong></span> <span class='ocrx_word' id='word_1_311' title='bbox 869 4229 952 4317; x_wconf 83' lang='grc' dir='ltr'><strong><em>πρὸς</em></strong></span> <span class='ocrx_word' id='word_1_312' title='bbox 974 4228 1016 4299; x_wconf 82' lang='grc' dir='ltr'><strong><em>τά</em></strong></span> <span class='ocrx_word' id='word_1_313' title='bbox 1035 4228 1113 4317; x_wconf 75' lang='grc' dir='ltr'><strong><em>ἤθη</em></strong></span> <span class='ocrx_word' id='word_1_314' title='bbox 1140 4235 1250 4297; x_wconf 85' lang='grc' dir='ltr'><strong><em>τεκαὶ</em></strong></span> <span class='ocrx_word' id='word_1_315' title='bbox 1274 4227 1316 4297; x_wconf 88' lang='grc' dir='ltr'><strong><em>τά</em></strong></span> 
     </span>
     <span class='ocr_line' id='line_1_37' title="bbox 139 4328 1316 4427; baseline 0.001 -26"><span class='ocrx_word' id='word_1_316' title='bbox 139 4328 436 4422; x_wconf 80' lang='grc' dir='ltr'><strong><em>ἐπιτηδεύματα</em></strong></span> <span class='ocrx_word' id='word_1_317' title='bbox 419 4358 454 4401; x_wconf 81' lang='grc' dir='ltr'><strong><em>εκ</em></strong></span> <span class='ocrx_word' id='word_1_318' title='bbox 483 4336 518 4401; x_wconf 80' lang='grc' dir='ltr'><strong><em>δὲ</em></strong></span> <span class='ocrx_word' id='word_1_319' title='bbox 541 4330 665 4403; x_wconf 80' lang='grc' dir='ltr'><strong><em>τούτων</em></strong></span> <span class='ocrx_word' id='word_1_320' title='bbox 691 4331 737 4415; x_wconf 76' lang='grc' dir='ltr'><strong><em>εἰς</em></strong></span> <span class='ocrx_word' id='word_1_321' title='bbox 761 4333 804 4402; x_wconf 87' lang='grc' dir='ltr'><strong><em>τά</em></strong></span> <span class='ocrx_word' id='word_1_322' title='bbox 824 4333 911 4427; x_wconf 78' lang='grc' dir='ltr'><strong><em>πρὸς</em></strong></span> <span class='ocrx_word' id='word_1_323' title='bbox 941 4330 1106 4419; x_wconf 78' lang='grc' dir='ltr'><strong><em>ἀλλήλους</em></strong></span> <span class='ocrx_word' id='word_1_324' title='bbox 1126 4330 1316 4425; x_wconf 83' lang='grc' dir='ltr'><strong><em>ξυμβόλαιοι</em></strong></span> 
     </span>
    </p>
   </div>
   <div class='ocr_carea' id='block_1_4' title="bbox 0 0 1685 5142">
    <p class='ocr_par' dir='ltr' id='par_1_6' title="bbox 0 0 1685 5142">
     <span class='ocr_line' id='line_1_38' title="bbox 0 0 1685 5142; baseline 0 0"><span class='ocrx_word' id='word_1_325' title='bbox 0 0 1685 5142; x_wconf 95' lang='lat' dir='ltr'><strong><em> </em></strong></span> 
     </span>
    </p>
   </div>
  </div>
 </body>
</html>
