3334 5142
594 395 800 460 ..13-

134 565 186 631 tur,
208 559 242 618 ut
261 551 455 639 respondere
475 561 599 640 posset,
623 563 655 620 et
676 561 833 632 tremens,
858 535 1149 647 olThrasysnaohe,
1172 555 1291 643 inquit,

134 681 167 724 ne
187 657 338 733 irascaris,
362 677 433 728 uam
442 658 476 724 ¹si
490 677 654 744 peeeamus
669 659 702 724 in
716 659 904 746 disputando
915 679 978 745 ego
992 669 1086 747 atque
1099 660 1167 733 hie,
1188 659 1291 746 prebe

131 762 199 830 seito
228 761 313 847 qued
344 753 434 828 iuviti
467 781 640 848 peccamus.
687 763 758 834 Noli
790 764 874 830 euim
897 763 1052 841 eredere,
1089 783 1149 830 nes
1175 783 1292 836 aarum

131 874 317 954 quaerentes,
339 864 431 931 nobis
453 866 587 932 invicem
609 867 784 934 voluntarie
805 888 870 934 non
891 868 1004 934 cedere
1025 878 1057 953 et
1077 874 1213 956 perdere
1223 869 1296 934 eiua,

129 969 343 1049 inventionem,
366 973 515 1035 iustitium
536 993 606 1036 υονο
631 983 815 1056 quaerentes,
842 993 905 1036 rem
931 976 1013 1038 ontai
1034 994 1112 1041 auro
1131 976 1290 1056 potiorem,

129 1084 187 1154 tum
215 1078 256 1138 ita
284 1074 381 1140 stulte
399 1079 491 1140 nebia
514 1075 645 1152 oedere,
681 1097 783 1162 neque
804 1097 933 1142 omnem
955 1097 1084 1162 operam
1107 1077 1291 1162 impendere

128 1187 326 1263 utappareat.
359 1179 488 1255 Credas,
505 1180 647 1246 oamiee.
681 1183 742 1248 Sed
756 1180 873 1265 opiner
885 1182 1116 1247 nenvalemus.
1146 1187 1291 1267 Aequum

129 1291 169 1348 est
195 1281 305 1366 igitur,
339 1291 374 1348 ut
399 1303 456 1347 vos
483 1283 568 1349 viros
595 1283 693 1349 fortes
722 1293 865 1348 nostrum
887 1285 1052 1360 misereat,
1086 1305 1150 1349 non
1172 1285 1288 1370 pigeat.

128 1383 240 1464 Quibus
268 1385 381 1452 auditis
408 1386 461 1452 ille
487 1387 519 1452 in
548 1388 736 1478 Sardonium
757 1389 858 1474 uisam
878 1387 1044 1474 profusus,
1073 1389 1288 1464 mehercules,

127 1491 228 1577 inquit,
252 1493 330 1555 haee
352 1499 398 1572 est
419 1491 580 1556 notissima
599 1491 653 1558 illa
678 1492 813 1557 Socratis
835 1492 949 1567 ironia,
976 1491 1071 1578 idque
1091 1502 1123 1558 et
1144 1493 1291 1578 ipseho-

127 1614 224 1662 veram
248 1603 280 1658 et
300 1594 350 1658 his
371 1593 602 1680 praedicebam,
627 1601 711 1681 quod
734 1595 926 1682 respondere
949 1599 1015 1681 ipae
1036 1596 1155 1673 nolles,
1179 1605 1211 1662 et
1228 1595 1291 1660 dis·

126 1699 297 1788 simulares,
332 1706 362 1762 et
389 1700 492 1764 omnia
521 1699 624 1784 potius
646 1699 766 1765 laceres
781 1721 881 1785 uuam
902 1703 1134 1785 responderes,
1169 1698 1290 1786 siquis

126 1802 192 1888 quid
213 1823 254 1871 ex
278 1813 308 1868 te
330 1812 507 1889 quaereret.
552 1807 599 1868 Ad
627 1808 703 1868 haee
732 1805 895 1879 Socrates,
930 1802 1057 1868 laudans
1071 1823 1159 1896 ,oum
1187 1803 1291 1868 ironia

125 1906 339 1992 Thrasymaohi
363 1907 556 1992 sapientiam,
581 1907 689 1993 quiid
712 1907 801 1974 facile
817 1906 1003 1993 praevidere
1016 1908 1166 1992 potuerit,
1190 1892 1290 1993 ῳιοιο

124 2011 183 2076 iam
207 2005 290 2076 ante¹
309 2010 526 2096 disputationis
552 2011 674 2084 initium
703 2015 758 2076 has
780 2023 882 2098 atque
907 2010 976 2077 illas
1002 2012 1290 2097 responsionea·‚ae

123 2135 179 2180 non
200 2115 415 2181 admissurum
433 2125 502 2179 esse
523 2114 657 2191 minatus
680 2113 734 2180 sit.
785 2121 877 2180 Tum·
895 2119 1160 2201 Thrasymachus:
1191 2113 1287 2193 Quid,

123 2218 280 2305 inquit,‚si
301 2219 392 2284 oliam
405 2219 652 2304 ‘responsionem
674 2226 800 2304 praeter
813 2239 925 2287 omues
937 2220 1023 2295 istas,
1048 2218 1287 2294 melioremhis,

123 2322 305 2390 ostendero?
334 2323 417 2402 Quid
435 2323 482 2388 vis
497 2323 642 2408 perpeti?
669 2321 755 2400 Quid
769 2313 873 2399 alind,
897 2323 1000 2408 inquit
1013 2325 1171 2399 Socrates,
1194 2343 1289 2408 quam

123 2426 199 2514 quod
226 2427 375 2492 convenit
403 2426 525 2513 perpeti
545 2431 759 2494 neaoientem‘l
787 2413 984 2508 *Conuenite
1007 2436 1130 2504 autem,
1163 2427 1288 2492 disoeno

124 2535 210 2596 abeo
225 2530 281 2618 qui
296 2531 381 2595 sciat.
408 2534 448 2596 Se
462 2529 559 2615 igitur
579 2529 613 2594 id
636 2530 758 2615 perpeti
779 2539 922 2615 paratum
946 2551 1026 2596 esse.
1060 2536 1140 2597 Tum
1153 2535 1288 2617 Thrasy-

123 2637 257 2700 maehus:
281 2634 388 2709 Duleis
404 2634 559 2710 enimes,
583 2633 696 2718 inquit.
743 2633 805 2698 Sed
825 2643 989 2721 praeterea
1011 2640 1096 2719 quod
1117 2635 1212 2700 diseis
1230 2655 1290 2700 ex·

122 2737 217 2820 pende
232 2737 334 2802 etiam
356 2737 529 2822 pecuniam.
585 2737 643 2803 Cui
663 2735 711 2802 rei
733 2757 805 2803 eum
826 2737 866 2802 ab
887 2741 930 2804 iis·
948 2738 1003 2825 qui
1023 2739 1197 2815 intererant
1222 2760 1290 2804 aar·

123 2842 201 2906 mouri
231 2843 421 2914 consultum*
438 2851 535 2920 esset,
569 2840 823 2927 Thrasymachus·
847 2851 971 2918 umen,
1007 2842 1129 2908 etiarm
1156 2842 1295 2929 eupidua

123 2944 256 3022 dicendi,
277 2946 405 3032 «quippe
432 2949 486 3032 qni
507 2950 667 3031 egregiam
688 2946 928 3032 responsionem
943 2952 985 3012 'se
1006 2945 1123 3012 habere
1145 2954 1286 3030 putaret,

122 3049 340 3133 tergiversari,
372 3058 403 3114 et
425 3052 602 3125 Socratem,
633 3057 669 3114 ut
688 3049 827 3126 diceret,
855 3071 984 3134 urgere.
1028 3051 1166 3117 Tandem
1186 3069 1287 3127 reto,

121 3151 262 3239 precibus
277 3173 388 3220 eorum
411 3151 465 3239 qui
487 3152 616 3220 aderant
627 3163 788 3230 exemtus,
801 3155 921 3221 'disere
934 3154 1053 3240 eoepit..
1085 3155 1177 3220 Ponit
1190 3153 1289 3238 igitur

121 3257 263 3325 iustitiam
280 3279 349 3324 esse
368 3255 479 3323 τὸτοῦ
497 3258 905 3349 νρείτιονοςιξυμφὲρονἻ.
944 3264 1023 3323 Tum
1046 3261 1190 3323 Socrates
1211 3255 1288 3342 quid

121 3365 195 3426 haee
212 3361 274 3438 sihi
296 3359 410 3437 veliet,
441 3365 625 3446 interrogat.
671 3365 748 3426 Nem
771 3362 889 3447 'procul
916 3359 1014 3428 dubio
1042 3383 1116 3428 eum
1141 3383 1205 3427 nen
1226 3367 1288 3428 hoe

122 3466 245 3531 diceret·
265 3466 300 3532 Si
321 3464 504 3550 Polydamas
526 3466 639 3530 athleta
660 3463 755 3530 nobis*
773 3464 892 3531 fortior,
909 3465 960 3542 ait,
983 3471 1079 3550 eique
1101 3471 1205 3534 boum
1219 3485 1288 3531 eor*

122 3568 207 3636 nibus
228 3570 317 3635 vesei
338 3569 500 3646 conducat,
524 3565 659 3634 eundem
682 3568 787 3634 eibum
808 3568 901 3635 nubis
921 3570 976 3634 illo
997 3569 1203 3636 debilioribus
1224 3569 1287 3636 uti·

121 3671 179 3738 lem
200 3674 383 3758 iustumque
404 3694 485 3740 osse.
530 3675 609 3742 Tum
632 3674 1022 3760 Thrasymachusseerati
1043 3675 1167 3752 ehtieit,
1198 3673 1287 3762 quod

119 3807 375 3825 W
456 3809 459 3817 l

184 3873 207 3940 ¹)
227 3875 294 3936 Esse
313 3874 418 3929 idaeae
437 3875 572 3938 polttleuna
591 3882 762 3941 praeceptum
777 3875 919 3938 apparahtt
935 3890 966 3937 es
984 3878 1035 3928 hue
1053 3877 1140 3942 legum
1152 3876 1222 3936 Ιοοος
1235 3877 1283 3931 lv.

121 3964 224 4027 pate
247 3966 281 4014 B.
303 3965 321 4015 Ι.
341 3965 513 4018 Schuetdero:
532 3981 603 4018 ουτε
619 3983 677 4038 γαρ
696 3965 771 4038 πρὸς
791 3965 845 4018 τὸν
866 3962 996 4032 πολεμον
1007 3960 1077 4018 ovea
1090 3965 1161 4039 προς
1175 3981 1284 4037 αρονην

122 4049 188 4122 ὅλην
200 4055 319 4120 βλέπειν
329 4054 389 4107 δεῖν
401 4058 476 4120 φασὶ
488 4046 557 4120 τοὺς
570 4050 691 4120 νόμους,
711 4050 804 4106 dat*
783 4069 848 4122 ητις
861 4049 900 4106 οἶν
912 4055 1093 4158 καθεςυκυῐα
1106 4050 1282 4128 plauderetur,

121 4141 208 4218 ταύτῃ
236 4141 308 4194 ἰδεῖν
329 4141 363 4196 τὸ
391 4133 560 4217 ξυμφέρον,
588 4137 667 4208 ὅπως
690 4135 771 4213 αρξει
795 4159 825 4196 τε
844 4137 891 4194 ciel
909 4146 960 4195 καὶ
976 4141 1019 4211 μὴ
1030 4130 1283 4212 καταλυθήσεται,

122 4233 237 4284 καὶτὸν
256 4231 352 4298 φύσει,
367 4227 440 4304 ὅρον
458 4231 510 4285 τοῦ
527 4231 641 4284 δικαίου
661 4229 797 4300 λέγεσθαι
815 4229 947 4284 emtaae’
962 4229 1049 4286 οὕτω
1069 4233 1120 4286 Κλ.
1133 4232 1222 4300 Huic,
1228 4231 1284 4286 ’Aio

118 4313 177 4373 Ὅτι
193 4319 227 4374 τὸ
247 4321 301 4376 τοῦ
319 4317 486 4396 νοείτνονος
503 4317 654 4395 ξυμφέρον
671 4319 741 4384 deta.
767 4317 806 4375 Gi.
826 4334 885 4386 aqu
1052 4329 1055 4334 ·
1268 4343 1279 4352 -
