3334 5142
601 385 810 452 ...Ῑῖ-

134 549 294 640 civitatibus
315 545 461 632 praesint
470 567 539 612 cum
554 543 733 632 pastoribus
747 555 892 632 gregum,
916 533 1043 611 stenen
1056 543 1090 609 id
1105 543 1190 627 qnod
1204 538 1294 626 gregi
1312 561 1316 566 ’
1355 545 1359 554 ’

131 658 272 743 optinum
300 653 343 718 sit
370 671 464 717 curae
492 671 561 716 esse
590 649 740 726 affirmat,
774 649 831 715 sed
857 646 942 733 quod
970 646 1064 741 ipsis,
1097 645 1292 731 eandemque

131 758 274 826 rationem
303 756 388 822 inter
416 755 557 821 subditos
584 753 806 840 principesque
823 753 997 826 civitatum
1018 753 1216 828 intercedere
1237 749 1291 815 ait.

59 933 61 940 ,
129 867 199 930 Num
217 863 367 928 iustitium
387 879 449 924 esse
471 879 576 924 revera
591 861 729 924 *eliensem
749 859 867 934 desem
889 879 950 941 quc
969 859 1044 921 iusti
1059 859 1118 922 ss'dc'
1131 852 1296 922 imemme

39 965 41 970 ’
129 970 191 1032 dum
205 974 370 1047 perorent,
391 966 574 1028 iniustorum
594 983 664 1027 cero
686 972 714 1044 et
733 965 946 1046 desperantium
966 964 1117 1029 comoedo
1137 964 1294 1044 respirent.

129 1074 238 1135 lustum
266 1069 374 1132 virum
399 1086 525 1153 semper
551 1065 737 1150 interiorem
765 1087 840 1132 esse.
856 1066 993 1143 iniusto,
1030 1065 1125 1151 idque
1145 1063 1294 1135 facillime

128 1172 252 1256 intelligi
269 1191 380 1258 posse,
404 1170 431 1236 si
452 1170 525 1256 quis
544 1191 698 1236 summam
719 1170 902 1236 iniustitiam
925 1173 1120 1247 consideret,
1143 1191 1224 1256 qnae
1245 1169 1294 1234 in-

128 1280 200 1345 iuste
221 1272 367 1360 agentern
388 1274 600 1342 beatissimum
614 1274 742 1350 reddetr
758 1274 953 1340 miserrimos
968 1283 1085 1351 autem,
1110 1275 1165 1361 qui
1178 1275 1294 1340 iniuste

128 1387 292 1450 tractentur
315 1385 346 1446 et
367 1378 481 1445 iniuste
507 1399 602 1464 agere
623 1378 741 1454 nolint,
777 1368 882 1446 εἶναι
910 1381 952 1445 δὲ
981 1380 1104 1446 τοῦτο
1132 1375 1207 1458 τὴν
1227 1399 1295 1444 ’τυ-

128 1485 311 1576 pesvlda.
355 1485 457 1561 Quem
486 1486 671 1548 sententiam
699 1481 743 1547 ita
769 1481 887 1554 refellit
915 1485 1075 1559 Socrates,
1103 1489 1141 1581 nt
1161 1481 1295 1568 Thrasy-

127 1591 265 1657 machum
287 1585 348 1653 sibi
369 1607 433 1652 non
454 1595 598 1652 constare
620 1585 742 1652 doceat.
798 1588 915 1652 Omnes
947 1587 1031 1652 enirn
1061 1589 1115 1674 qui
1139 1586 1292 1673 praesint,

128 1705 273 1782 qualemn
303 1694 458 1776 praesint,
489 1711 553 1756 non
581 1709 672 1756 suum
693 1689 836 1776 ipsorum
857 1690 920 1770 sed„
935 1689 1132 1756 subditorum
1154 1695 1295 1758 commo-

127 1801 194 1863 dum
215 1804 358 1882 spectare
371 1795 405 1881 *).
450 1797 527 1860 Eam
550 1798 592 1860 ob
614 1812 737 1862 causans
758 1797 919 1883 mercedem
939 1797 1041 1861 edesse
1060 1797 1161 1863 delere
1181 1791 1222 1859 iic
1243 1797 1297 1879 qui

128 1903 254 1971 deitates
275 1902 392 1965 rectori
411 1882 492 1976 sim,
511 1900 571 1962 ‘ecl
597 1909 771 1990 arpentum,
794 1902 841 1964 eet
860 1901 1019 1976 lacerem,
1039 1901 1086 1963 vel
1102 1920 1246 1989 mutam,
1268 1901 1297 1963 si
1351 1972 1356 1981 q

127 2009 269 2088 imperare
291 2006 465 2088 qaeestio
494 2007 645 2087 ¹Neqaute
662 2010 727 2068 tum
744 2001 915 2080 Glaucone,
939 2025 974 2068 se
988 2003 1177 2088 intelligere,
1200 2023 1296 2088 quam

127 2127 253 2196 poenam
279 2111 361 2173 dicat
390 2110 554 2183 Socrates,
574 2105 742 2183 mercedis
771 2106 841 2200 loco
870 2103 1087 2199 habendam,;·
1102 2109 1296 2194 optimorum

126 2211 225 2295 igitur,
250 2213 396 2278 Socrates
417 2211 528 2296 inquit,
550 2210 731 2276 mercedem
744 2230 809 2276 non
822 2210 949 2300 nevisti,
972 2199 1174 2296 siimpcrare
1183 2211 1293 2277 velint.

127 2319 196 2380 Nam
225 2314 362 2384 honoris,
386 2323 439 2380 aut
466 2314 593 2400 argenti·
613 2312 761 2400 cupidum
791 2309 860 2379 esse
887 2322 981 2399 turpe
1009 2321 1042 2379 et
1069 2312 1132 2380 dici
1158 2323 1190 2378 et
1210 2335 1292 2379 esse.

127 2421 208 2486 Hanc
230 2417 273 2484 ob
297 2437 450 2494 causam,
470 2438 574 2503 neque
595 2418 749 2504 pecuniae
771 2417 871 2502 gratia
892 2417 972 2482 velle
993 2417 1153 2504 imperare
1173 2415 1294 2496 honos,

124 2523 375 2610 ‘nequehoncrls
398 2533 490 2606 ergo;
513 2542 617 2611 neque
639 2523 723 2588 enim
745 2521 847 2608 palam
861 2521 987 2608 imperii
1002 2524 1105 2606 gretia
1115 2526 1296 2588 mercedem

127 2627 319 2715 postulantes
338 2625 551 2695 mercenarios
572 2625 653 2692 selle
675 2627 842 2701 nominari,
867 2646 971 2710 neque
993 2614 1073 2692 clani
1094 2628 1155 2714 ipsi
1177 2647 1218 2691 ex
1235 2625 1295 2691 im·

126 2733 210 2816 perio
232 2730 414 2796 auferentes
436 2729 536 2809 fures;
562 2749 666 2814 neque
692 2727 787 2794 etium
815 2729 946 2796 honoris
975 2731 1095 2816 gretia:
1125 2731 1199 2807 non?
1211 2735 1297 2799 enim

64 2839 68 2846 '
127 2857 190 2902 esse
209 2838 343 2928 honoris
365 2833 506 2920 cupidos.
551 2835 707 2920 Oportere
725 2833 808 2900 'vero
829 2833 868 2899 iis
889 2827 1107 2899 necessitatem
1128 2837 1238 2908 adesse
1264 2842 1297 2899 et

127 2957 271 3024 poenam,
288 2939 323 3004 'si
343 2940 510 3023 imperare
523 2923 631 3004 velint.
676 2937 763 3022 Unde
785 2945 897 3024 sponte
919 2959 974 3003 sna
995 2937 1035 3003 ad
1055 2938 1223 3025 imperinm
1245 2956 1297 3004 ac-

127 3048 244 3120 cedere,
269 3063 374 3130 neque
396 3040 611 3108 necessitatem
626 3049 822 3128 exspectare,
846 3050 937 3128 turpe
952 3040 1073 3107 haberi.
1112 3043 1296 3136 Poenarum

126 3167 197 3214 vero
219 3147 438 3232 gravissimum
461 3167 529 3212 esse
552 3144 711 3223 subditum
732 3165 802 3210 esse
823 3145 982 3230 nequiori,
1005 3149 1035 3212 si
1054 3144 1122 3234 ipse
1137 3149 1296 3234 imperare

126 3251 219 3316 nolis:
244 3271 341 3338 quam
363 3253 509 3317 timentes
528 3251 630 3317 rideri
651 3249 819 3340 imperare,
843 3249 970 3348 qnando
991 3249 1157 3336 imperent,
1179 3250 1307 3319 bonon·

127 3359 199 3421 Tum
220 3376 278 3422 eos
301 3358 452 3421 accedere
474 3352 514 3420 ed
535 3353 703 3446 imperinm
725 3373 789 3418 non
803 3357 951 3439 tanquam
965 3352 1013 3421 'ad
1033 3351 1151 3421 bonnm
1168 3355 1296 3442 oliqnod

128 3463 240 3537 euntes,
262 3469 369 3545 neque
391 3468 540 3544 tanquam
560 3454 643 3522 bene
664 3459 704 3523 iis
724 3453 869 3524 luterum·
888 3457 928 3523 stt
947 3459 982 3522 in
1001 3478 1053 3536 eo,
1070 3463 1133 3528 sed
1148 3467 1297 3546 tanquam

133 3595 440 3614 —ud———nn-u--fi-—u

189 3677 210 3745 ‘l
230 3679 271 3732 Gt.
294 3691 354 3730 cnm
372 3679 411 3732 hts
432 3678 523 3732 ctcero
543 3669 822 3742 prostrationes.
850 3678 884 3734 Ut
902 3692 950 3732 nos
968 3682 995 3732 tn
1012 3675 1153 3744 munctptts
1170 3675 1314 3750 parindts¹

128 3773 240 3833 quamvls
259 3769 329 3834 trugt
348 3769 498 3835 homtnepa.
519 3772 540 3822 st
559 3783 607 3832 pro
625 3770 699 3821 labro
713 3765 765 3820 'rut
782 3782 830 3832 pro
848 3775 947 3822 tectore
966 3771 1088 3832 emlinus,
1108 3769 1295 3826 lcrrcns'olcstc

128 3860 307 3930 salernum!
335 3873 379 3912 cas
403 3865 488 3920 artes,
517 3873 582 3924 ques
612 3861 640 3909 tn
664 3857 776 3910 emendo
798 3862 883 3910 secntt
907 3871 1023 3919 sumus,
1051 3861 1117 3913 tortc
1136 3867 1295 3925 ucsctscrtt3

129 3951 163 4000 stn
186 3957 276 4002 autem
302 3951 431 4010 emtrnns,
457 3961 536 4013 quesn
559 3949 663 4002 vtttcnm
687 3951 899 4013 tmponeremus,
929 3962 1009 4014 quern
1028 3953 1294 4024 pecortpraeficc'rc·

128 4053 189 4100 nus,
208 4039 276 4090 uthtt
294 4041 322 4090 tn
341 4053 373 4090 eo
392 4037 650 4103 ntsttrugalttatem,
670 4037 803 4100 laborem,
827 4039 985 4103 rtgllcnttam
1010 4054 1066 4093 esse
1086 4054 1225 4095 curemusr
1246 4023 1294 4097 'stc

128 4130 235 4192 populns
251 4127 390 4181 ltcmanns
409 4127 500 4194 dcttgtt
517 4131 679 4194 magtstratus
699 4133 773 4194 quast
789 4131 827 4181 ret
846 4129 968 4192 publicus
980 4129 1087 4194 stltcos3
1107 4135 1135 4185 tn
1155 4134 1251 4198 qntbus
1270 4137 1294 4187 st

129 4230 176 4285 qne
193 4226 333 4283 praetcrea
350 4224 391 4274 est
409 4232 450 4273 urs
468 4217 544 4274 lectls
563 4222 676 4285 potitura
701 4221 743 4274 ctu
765 4222 852 4274 mtnus
869 4222 967 4277 rtrtnte
985 4201 1080 4274 corum
1096 4228 1126 4276 et
1141 4225 1293 4300 tunocenttr

128 4315 263 4364 tenuntur
280 4314 333 4364 cst.
434 4329 437 4332 ·
873 4322 877 4329 ’
