3334 5142
852 427 1082 492 -aat-

372 585 436 671 μός
457 577 566 660 ἰσάκις
586 587 659 661 ἴσος
680 584 782 662 ἐστίν,
811 575 915 662 οὑτως
935 579 1146 666 δικαιοσύνης
1168 582 1333 663 εἰδοποιὸς
1359 589 1414 652 καὶ
1443 587 1557 654 ἐπιδε-

372 684 484 764 κτικὸς
503 682 543 753 ἀν
568 687 627 766 εἴη.
648 686 713 764 πάς
729 688 767 752 δὲ
792 681 995 775 τετράγωνος
1022 684 1130 765 ἰσάκις
1158 689 1229 767 ἴσος
1255 683 1409 776 ὑπάρχει.
1459 689 1558 756 Adde

373 793 515 855 Brandis.
547 790 657 855 histor.
686 787 764 876 phil.
788 811 819 872 p.
848 792 875 853 Ι.
898 809 929 876 p.
951 793 1025 856 473.
1056 790 1112 856 uhi
1133 794 1216 856 huno
1245 795 1415 857 Alexandri
1444 793 1556 858 locum

370 893 479 958 affert:
503 893 562 973 τῆς
581 899 641 979 μὲν
661 889 726 981 γάρ
748 888 958 974 δικαιοσύνης
987 894 1071 959 ἴδιον
1092 887 1383 979 ὑπολαμβάνοντες
1404 885 1491 962 εἶναι
1515 893 1553 962 τὸ

371 990 618 1072 ἀντιπεπονθὸς
638 1019 672 1061 τε
693 999 749 1061 καὶ
769 996 858 1075 ἴσον,
888 997 921 1062 ἓν
942 1001 1011 1074 τοῖς
1032 991 1197 1083 ἀριθμοῖς
1224 998 1323 1063 τοῦτο
1345 992 1555 1086 εὑρίσκοντες

372 1095 424 1173 δν,
446 1094 517 1164 διά
540 1098 665 1163 τοῦτο
686 1102 755 1164 καί
776 1094 846 1164 τὸν
868 1092 1011 1176 ἰσάκις
1040 1100 1131 1164 ἴσον
1155 1095 1350 1188 ἀριθμὸν
1383 1101 1557 1190 πρῶτον

372 1201 514 1286 ἔλεγον
535 1190 642 1267 εἶναι
664 1195 945 1282 δικαιοσύνην.
988 1203 1046 1267 His
1067 1200 1148 1267 adde
1169 1206 1249 1268 Plut.
1267 1206 1306 1267 de
1322 1202 1398 1268 [sid.
1416 1211 1451 1268 et
1468 1205 1553 1268 Osir.

370 1325 402 1390 p.
423 1307 497 1380 370,
520 1323 615 1390 quam
635 1303 775 1368 laudarit
794 1303 939 1370 Brandis.
962 1305 1006 1372 ih.
1028 1324 1058 1390 p.
1080 1306 1151 1370 503.
1174 1308 1206 1370 οἱ
1228 1313 1286 1390 μὲν
1305 1309 1555 1391 Πυθαγορικοὶ

368 1404 426 1474 διά
446 1403 603 1473 πλειόνων
617 1401 787 1492 ὀνομάτων
801 1408 1037 1493 κατηγοροῦσι,
1059 1408 1118 1473 τοῦ
1138 1415 1199 1493 μὲν
1220 1402 1359 1492 ἀγαθοῦ
1383 1405 1421 1473 τὸ
1437 1403 1490 1487 ἓν,
1515 1405 1554 1473 τὸ

370 1513 629 1598 πεπερασμένον,
650 1507 689 1576 τὸ
710 1513 824 1595 μένον,
847 1507 885 1575 τὸ
900 1505 1007 1589 εὐθύ,
1029 1504 1067 1574 τδ
1082 1506 1254 1599 περισσὸν,
1277 1508 1325 1576 τὸ
1348 1506 1553 1600 τετράγω-

371 1637 457 1688 νον,
481 1664 489 1680 .
512 1664 520 1679 .
543 1663 552 1678 .
574 1663 582 1678 .
607 1657 617 1675 .
640 1613 699 1678 τοὺ
714 1614 750 1678 δὲ
772 1613 876 1678 κακοῦ
897 1606 1102 1693 τὴνδυάδα,
1125 1609 1162 1678 τὸ
1185 1610 1336 1701 ἄπειρον,
1357 1611 1398 1679 τὸ
1410 1609 1553 1706 φερόμε-
1578 1633 1584 1646 ·

369 1740 444 1794 νον,
464 1711 504 1781 τὸ
526 1709 713 1800 καμπύλον,
736 1711 775 1781 τὸ
797 1712 929 1805 ἀρτιον,
951 1712 990 1781 τὸ
1012 1711 1274 1806 ἑτερόμηκες,
1296 1741 1325 1784 κ.
1348 1739 1377 1784 τ.
1400 1717 1425 1784 ἑ.
1474 1717 1551 1782 Cum

369 1819 419 1884 his
440 1818 594 1885 consentit
614 1817 775 1884 Aristotel.
796 1825 871 1882 met
896 1822 932 1882 A.
957 1821 987 1882 5.
1010 1809 1064 1884 ίίτι
1085 1815 1124 1883 τὸ
1145 1823 1204 1903 μὲν
1218 1821 1340 1885 τοιονδὶ
1356 1819 1421 1885 τῶν
1445 1815 1551 1909 ἀριθ-

371 1922 441 2007 μῶν
467 1916 586 1998 πάθος
614 1915 824 2000 δικαιοσύνη,
853 1945 882 1986 κ.
905 1945 933 1987 τ.
956 1922 980 1987 ἑ.
998 1929 1029 1986 et
1046 1925 1121 1987 Met.
1144 1925 1187 1997 N,
1211 1924 1232 1986 t
1253 1943 1287 2004 p.
1313 1925 1415 1998 1091,
1448 1925 1470 1985 h
1499 1926 1549 1986 35.

370 2027 402 2092 oi
423 2026 459 2089 δὲ
481 2025 612 2108 λέγουσι
629 2021 668 2088 τὸ
689 2019 805 2089 ἀνισον
828 2018 886 2104 τὴν
908 2024 968 2089 τοῦ
989 2025 1094 2089 κακοῦ
1109 2020 1220 2115 φύσιν.
1262 2027 1435 2092 vocabulis
1455 2024 1552 2108 igitur

370 2130 443 2208 ἴσην
464 2121 574 2203 ἰσάκις
594 2134 627 2190 et
648 2121 789 2213 ἰσομάκη
810 2133 870 2211 μὲν
891 2125 945 2219 τῇ,
968 2121 1120 2215 προμήκη
1143 2128 1178 2191 δὲ
1193 2126 1351 2193 indicatur
1369 2130 1550 2212 proprietas

370 2229 525 2316 quaedam
546 2229 687 2304 numeri,
710 2249 774 2295 non
794 2231 863 2314 ipso
877 2249 1048 2304 numerus,
1071 2249 1169 2316 porro
1189 2229 1361 2316 oblongum
1379 2251 1550 2296 numerum

369 2354 465 2398 unum
486 2333 568 2398 latus
589 2353 660 2398 oum
673 2334 782 2415 priore
794 2352 959 2397 commune
976 2331 1104 2400 habero.
1149 2330 1252 2412 νἼσην
1267 2328 1376 2409 ἰσάκις
1387 2356 1415 2411 ,u
1441 2355 1550 2397 socun-

370 2434 445 2501 dum
466 2455 505 2500 ea
526 2456 607 2521 quaa
629 2435 781 2510 diximus,
811 2434 951 2517 pertinet
976 2433 1015 2500 ad
1043 2434 1202 2500 civitatem
1230 2439 1364 2508 bonam,
1392 2431 1544 2523 προμήκη
1628 2499 1629 2506 ,

370 2537 411 2603 ad
432 2540 586 2603 malarum
608 2539 768 2602 civitatum
789 2540 923 2612 seriem,
946 2559 1028 2623 quae
1050 2539 1127 2603 itam
1148 2559 1243 2602 unam
1265 2539 1467 2603 harmoniam
1486 2535 1548 2602 effi-
1628 2521 1629 2545 ¹

369 2644 465 2708 ciunt
524 2645 680 2706 Numerus
713 2642 782 2723 ipsa
816 2643 935 2725 prioris
966 2640 1150 2706 harmoniae
1181 2664 1206 2706 s.
1237 2640 1340 2706 bonna
1370 2643 1548 2707 continetur

368 2745 476 2811 verbis
497 2741 615 2810 ἑκατὸν
635 2738 851 2822 τοσαυτάκις,
875 2741 988 2828 quihus
1004 2746 1161 2809 indicatur
1181 2755 1296 2808 castam
1321 2747 1430 2808 centies
1453 2763 1546 2810 annos

370 2869 441 2914 sam
462 2846 655 2917 duraturam.
698 2850 745 2911 Ne
767 2846 911 2923 mireris,
935 2846 1023 2932 quod
1043 2857 1105 2913 tam
1126 2846 1180 2911 diu
1208 2851 1288 2912 hano
1310 2849 1472 2912 civitatem
1494 2850 1547 2912 du·

369 2973 443 3016 raro
463 2949 540 3017 velit
561 2950 666 3025 Plato,
691 2970 788 3034 quum
811 2951 984 3024 civitatem,
1008 2971 1088 3034 quaa
1112 2959 1159 3015 est
1180 2952 1336 3033 descripta
1358 2950 1391 3015 iu
1414 2949 1544 3034 legibus,
1627 2927 1628 2952 ί

370 3056 514 3140 proxima
535 3052 804 3118 immortalitatem
826 3073 896 3118 ossa
918 3051 1047 3128 dixerit,
1077 3047 1120 3138 ἣν
1142 3055 1176 3118 δὲ
1198 3054 1255 3119 νῦν
1281 3049 1376 3138 ἡμεῖς
1398 3055 1545 3138 ἐπικεχει-

371 3152 530 3243 ρήκαμεν,
554 3158 602 3235 εἴη
626 3179 659 3220 τε
672 3152 713 3220 ἀν
726 3159 881 3240 γενομένη
895 3181 963 3234 ποις
975 3151 1172 3234 ἀθανασίας
1186 3151 1358 3240 ἐγγύτατα.
1404 3154 1451 3220 Cf.
1467 3154 1541 3238 lagg.

247 3278 252 3288 ·
369 3258 427 3325 lii).
450 3260 489 3324 V.
512 3279 544 3344 p.
569 3261 641 3323 739.
664 3265 745 3323 extr.
771 3259 835 3323 Cur
856 3278 934 3324 voro
957 3257 1113 3324 oivitatem
1128 3257 1298 3344 perfactam
1320 3278 1420 3323 annos
1435 3267 1546 3322 centum

369 3365 478 3429 οιπίίσε
500 3365 616 3427 durato
637 3360 792 3435 voluerit,
813 3358 848 3426 id
868 3360 912 3426 ita
932 3359 1135 3447 explicamus·
1181 3362 1277 3426 Libro
1298 3365 1340 3425 X.
1359 3381 1391 3446 p.
1415 3365 1479 3425 615
1501 3363 1541 3423 in.

371 3468 416 3530 St.
440 3471 575 3530 aetatem
597 3464 732 3530 hominis
753 3471 879 3529 contum
901 3483 999 3528 anuos
1020 3463 1135 3530 durare
1149 3466 1269 3536 statuit,
1291 3466 1391 3529 τοῦτο
1415 3459 1447 3528 δ’
1468 3453 1545 3529 εἶναι

371 3565 458 3634 κατά
485 3567 780 3656 ἑκατονταετηρίδα
807 3562 961 3647 ἑκάστην,
992 3562 1034 3644 ὡς
1061 3570 1138 3650 βίον
1168 3564 1263 3644 ὄντος
1299 3561 1461 3632 τοσούτου
1491 3566 1545 3631 τοὺ

372 3665 601 3760 ἀνθρωπίνου.
651 3670 698 3736 Cf.
725 3677 758 3735 et
788 3673 859 3738 Tac.
879 3669 954 3734 dial.
979 3691 1007 3735 ο.
1035 3674 1084 3734 17.
1133 3672 1243 3754 Itaque
1280 3673 1363 3734 haud
1392 3672 1544 3733 absonum

369 3773 545 3849 ridebitur,
577 3791 675 3857 quum
703 3773 767 3836 vita
788 3773 953 3838 hominum
981 3781 1106 3838 centum
1134 3794 1232 3838 anuos
1255 3776 1362 3851 duret,
1393 3771 1543 3837 oivitatam

372 3881 488 3942 bonam
526 3884 652 3940 contum
684 3882 802 3942 aetates
831 3878 995 3941 homiuum
1033 3880 1157 3942 durare.
1212 3880 1267 3940 Est
1298 3879 1377 3940 haec
1410 3873 1543 3940 definitio

373 3978 575 4063 mutuarias)
619 3981 691 4043 Non
716 3999 878 4063 negamus.
923 3981 963 4044 At
992 3998 1070 4044 vero
1097 3979 1141 4046 ita
1169 3977 1385 4062 intelliguntur
1411 3976 1544 4042 Platonis

442 4196 463 4251 't
481 4199 516 4251 Ut
533 4200 585 4250 atta
603 4200 695 4251 natta.
731 4200 798 4250 Nam
821 4211 870 4249 eur
896 4203 1044 4250 animorum
1069 4200 1251 4260 migrationem
1276 4209 1325 4258 oar
1350 4195 1408 4246 iota
1427 4195 1540 4248 malarttt

374 4293 420 4338 aut
438 4286 541 4339 interna
559 4286 681 4340 dautes
700 4295 866 4340 cantenor
885 4301 968 4342 anuos
988 4289 1082 4340 durata
1103 4287 1206 4338 sumttt
1225 4285 1264 4348 Gt.
1285 4298 1311 4348 ρ.
1330 4283 1397 4342 otti,
1418 4283 1450 4336 B.
