3334 5142
880 385 1090 450 ...32-

396 561 458 610 non
478 560 539 606 esse
555 542 676 639 facilen
697 543 747 606 sed
761 551 847 608 acute
858 547 1013 617 canatis,
1033 553 1068 620 ot
1081 544 1325 613 milevitanae.
1360 547 1461 626 θιωννι
1483 547 1596 628 ὁρίων

397 667 454 712 nos
473 665 534 712 non
554 648 650 710 simus
669 647 780 722 calidi,
802 649 898 712 videri
917 650 1010 722 mitt,
1033 651 1172 732 inquam,
1201 653 1402 732 qomsnoncrn
1422 654 1469 715 ita
1493 654 1596 714 s'rsste'-

398 752 537 818 tuendam
558 770 628 825 esse,
649 752 895 834 rummandum
914 773 976 816 non
994 755 1156 822 acerrimis
1174 755 1270 816 codis
1283 755 1432 835 praediti,
1455 756 1489 817 ss·
1510 773 1596 835 par·

396 858 584 922 oasls'tcrss
609 877 624 946 e
652 856 812 938 macieque
841 854 935 938 leaerc
960 857 1147 931 iuberentur,
1175 859 1440 922 animadvertentes
1460 857 1595 924 maen

396 959 504 1030 literas
528 955 625 1040 etiam
650 959 723 1042 alibi
743 960 874 1026 maiores
895 961 929 1024 in
949 962 1062 1027 maiori
1082 963 1213 1042 scriptas
1233 971 1350 1025 estare.
1393 964 1481 1026 Satis
1502 964 1594 1025 enirn

398 1073 562 1148 opportune
575 1065 616 1154 ta
634 1065 769 1128 metrae
790 1063 1028 1137 arbitrarentur,
1050 1072 1078 1128 et
1096 1067 1232 1146 primun
1250 1067 1321 1130 illas
1341 1067 1485 1148 locatae,
1514 1086 1593 1129 con·

397 1171 567 1234 macros
587 1169 727 1242 minares,
738 1176 855 1238 ‚utrum
874 1168 989 1232 esebon
1009 1177 1114 1235 essent.
1162 1170 1277 1250 Optime
1290 1188 1373 1243 cero,
1391 1171 1495 1252 inquit
1509 1170 1592 1233 Adi-

400 1281 536 1362 osantos:
558 1273 614 1339 sed
629 1273 701 1355 quta
721 1272 874 1344 riumodi,
896 1293 916 1334 a
930 1269 1085 1346 Sonans,
1099 1273 1134 1340 te
1146 1275 1316 1354 accedimns
1327 1273 1362 1336 de
1376 1274 1501 1338 tamdia
1515 1275 1591 1336 ani·

399 1379 582 1456 madvertis?
603 1378 713 1444 Dicam
734 1377 797 1446 tibi,
820 1377 955 1456 inquam.
999 1376 1137 1449 Iustitia,
1159 1377 1302 1450 dicisum
1322 1386 1366 1440 cst
1385 1379 1480 1440 nne’oes
1501 1377 1589 1448 viri,

396 1479 449 1547 ¹cst'
470 1483 561 1545 ¹ctione
587 1480 865 1544 tatinsvce‘oitats's?
892 1480 1036 1556 Ornnino,
1067 1480 1175 1562 inqedt.
1216 1482 1318 1562 luitur
1344 1482 1448 1546 maius
1470 1481 1590 1544 civitas

399 1604 460 1680 aoso
481 1587 569 1659 uiro?
590 1585 701 1655 Maius,
723 1584 831 1665 inquit.
873 1583 1014 1646 Fortasse
1039 1585 1137 1664 loitres
1157 1585 1230 1666 plns
1256 1586 1390 1648 iustitiae
1410 1586 1445 1648 in
1464 1587 1590 1647 maiori

400 1692 478 1753 inest
498 1698 525 1752 et
543 1687 668 1770 facilior
688 1688 819 1768 connita.
861 1687 897 1749 st
921 1687 1020 1769 icitur
1041 1683 1158 1769 placet,
1183 1691 1321 1770 primm
1347 1690 1381 1752 irs
1406 1689 1588 1752 ciuitatibus

402 1811 582 1876 quaeramus
609 1792 695 1874 quale
720 1792 773 1866 sit,
806 1800 870 1854 tnrn
888 1792 941 1879 ¹ita
961 1792 1052 1854 ctiam
1073 1793 1289 1856 emnidmernne
1310 1794 1344 1856 in
1364 1794 1494 1874 amalis
1515 1795 1587 1876 qui-

401 1897 518 1978 busque,
540 1896 668 1958 molaris
689 1893 914 1958 similitudinem
934 1895 969 1961 in
989 1887 1231 1978 minosls'specs'e
1252 1897 1482 1965 coresidcrontes.
1538 1899 1586 1960 l'e'·

401 2002 483 2066 deris
504 1999 588 2072 mibi,
611 2000 718 2080 inquit,
740 1998 808 2062 besee
828 1999 936 2062 dicere«
973 2000 1077 2064 Nonne
1091 2001 1195 2082 ludar,
1217 2002 1349 2082 inquam,
1371 2002 1585 2064 sineecentesn

402 2106 553 2189 ciuitatem
573 2101 830 2192 consideraremus
851 2103 1004 2176 oratione,
1036 2104 1126 2167 ctiam
1153 2087 1302 2169 iustitiam
1325 2106 1395 2168 ‘dus
1414 2105 1584 2168 oidermus

402 2217 569 2272 nascentem
589 2203 618 2270 e‘t
633 2207 842 2286 'iniustitiamt
862 2207 1011 2281 Fortasse,
1033 2207 1140 2290 inquit.
1161 2210 1263 2290 dcitur
1282 2210 1338 2271 bac
1355 2210 1439 2290 facto
1451 2194 1518 2291 mee
1541 2218 1583 2272 cst

397 2313 522 2395 facilins
541 2329 596 2374 nos
616 2301 735 2373 adsume
756 2309 836 2390 qood
854 2312 1037 2390 amerianae.
1082 2311 1204 2379 Multo.'
1229 2313 1384 2376 Videturne
1403 2314 1501 2394 iader
1521 2335 1582 2378 co-

402 2417 536 2480 nandum
557 2435 617 2478 csse
638 2415 670 2477 id
684 2415 819 2496 efficere?
853 2414 928 2476 Poto
944 2413 1029 2478 'enim
1047 2434 1109 2478 non
1125 2435 1258 2496 poenum
1278 2417 1311 2479 id
1330 2418 1481 2499 neqotiuas
1499 2421 1578 2500 [ore.

404 2521 596 2600 Considerate
615 2519 721 2600 icitur.
758 2517 1027 2592 Consideraoirnus,
1049 2520 1147 2604 inquit
1167 2519 1356 2607 Adimantus,
1377 2510 1429 2584 sed
1439 2541 1477 2585 ne
1490 2524 1581 2586 aliter

399 2624 510 2706 faciae.
525 2644 561 2690 u,
861 2687 864 2695 ,
1389 2607 1413 2637 ”

488 2723 670 2796 Tenendum
691 2731 738 2790 est
759 2733 831 2792 ante
853 2723 974 2792 omnia:
998 2723 1160 2799 Iustitiam,
1183 2746 1265 2811 qnae
1287 2725 1328 2793 eit
1347 2732 1444 2799 animi
1464 2730 1576 2808 vimus,

405 2838 436 2898 et
464 2849 558 2914 posse
587 2837 620 2894 et
646 2827 762 2896 debere
788 2825 924 2898 inveniri
953 2816 985 2896 in
1007 2829 1130 2906 animo,
1160 2852 1224 2896 non
1244 2831 1278 2895 in
1298 2827 1484 2914 Republica,
1520 2847 1578 2892 nec

402 2955 484 3022 opus
506 2954 575 3000 esse
597 2931 728 2998 adeam
749 2933 971 3005 inveniendam
986 2933 1167 3003 describere
1181 2932 1428 3017 Rempublicem,
1451 2931 1578 2998 salsum-

405 3033 467 3124 que
489 3059 559 3104 esse
581 3036 708 3104 omnino
730 3044 878 3132 tanquam
899 3036 1072 3104 maioribus
1099 3037 1197 3122 signis
1218 3059 1401 3122 expressam
1415 3035 1516 3116 videri
1531 3036 1577 3100 iu·
1624 3102 1625 3107 ,

404 3142 526 3210 stitiam.
540 3141 574 3207 in
594 3139 783 3224 Republica,
807 3161 903 3224 quam
922 3140 956 3205 in
977 3140 1099 3219 animo,
1129 3165 1226 3226 quum
1248 3147 1280 3218 iu
1301 3134 1474 3224 Republica
1493 3139 1576 3205 nulla

407 3244 534 3312 omnino
561 3243 755 3327 reperiatur,
788 3243 851 3309 nisi
879 3241 1019 3311 derivata
1044 3265 1087 3312 ex
1111 3244 1229 3312 animo.
1273 3249 1352 3310 Nam
1381 3243 1575 3328 quaestiones

378 3397 381 3402 ,
407 3367 495 3414 mere
517 3347 674 3431 politicae,
696 3351 736 3414 de
758 3345 920 3412 civitatum
941 3347 1079 3434 origine,
1104 3349 1297 3414 dediversis
1318 3347 1480 3414 hominum
1500 3347 1576 3412 clas-

407 3451 495 3522 sibus
517 3469 600 3539 quae
619 3449 754 3533 primam
776 3450 934 3516 civitatem
955 3452 1157 3528 constituant,
1176 3453 1215 3518 de
1237 3451 1414 3536 opificibus,
1436 3455 1475 3516 de
1495 3451 1575 3537 agri·

407 3556 496 3630 colis,
518 3559 558 3622 de
576 3551 821 3631 mercatoribus,
845 3553 885 3620 de
905 3553 1073 3632 militibus,
1096 3562 1136 3624 de
1158 3557 1291 3623 militum
1314 3555 1498 3622 educatione
1519 3577 1574 3640 per

410 3659 634 3746 gymnasticam
657 3666 689 3723 at
709 3657 861 3724 musicam
882 3667 999 3735 artem,
1029 3665 1069 3725 de
1090 3659 1237 3735 medicis,
1266 3663 1305 3726 de
1335 3658 1516 3724 mulieribus
1545 3668 1573 3726 et

409 3761 596 3840 infantibus,
627 3761 667 3848 de
689 3754 938 3848 magistratibus,
967 3766 1007 3829 da
1027 3763 1188 3830 civitatum
1210 3762 1378 3848 generibus
1400 3772 1432 3829 et
1452 3785 1572 3846 permu-

408 3865 595 3944 tationibus,
625 3865 701 3950 quid
727 3868 872 3932 conferre
897 3876 1030 3950 possunt
1057 3867 1098 3934 ad
1121 3864 1269 3934 iustitiam
1290 3876 1344 3934 aut
1364 3865 1571 3934 illustrandam

409 3977 464 4038 aut
485 3973 725 4040 inveniendam?
757 3973 845 4036 Haec
865 3979 970 4036 autem
987 3979 1066 4046 ,sunt
1084 3972 1118 4036 in
1138 3971 1253 4056 quibus
1275 3970 1427 4047 Socratis,
1456 3973 1507 4056 qui
1526 3995 1571 4040 se·

411 4073 527 4160 quitur,
550 4077 590 4140 de
605 4073 729 4143 civitate
744 4094 848 4140 sermo
863 4083 1018 4146 versatur.
1052 4078 1214 4142 lacedem
1228 4075 1383 4142 sententia
1395 4074 1456 4140 luit
1469 4077 1569 4145 Tieda·

409 4197 558 4243 mannus:
586 4180 694 4244 «llaec
716 4177 757 4255 si,
779 4187 876 4261 prout
895 4178 1003 4248 verbis
1023 4187 1095 4246 suut
1115 4180 1273 4264 exposita,
1295 4178 1500 4264 accipiamus,
1527 4192 1569 4249 to-

408 4290 479 4354 nm
506 4285 546 4348 de
577 4282 739 4366 republica
758 4282 1018 4368 'disputationem
1052 4282 1190 4352 iustitiae
1219 4292 1340 4352 tantum
1372 4282 1565 4354 declarandae
