3334 5142
366 605 481 700 Quare,
500 615 538 684 'ut
559 627 627 684 reni
650 618 796 702 exemplo
817 619 1019 695 illustremus,
1042 623 1068 685 si
1082 605 1547 704 perfectam,-summa‘nnota

365 735 395 792 et
417 722 566 790 beatitate
587 718 777 806 praeditam,
808 713 966 817 civitatem
993 724 1173 817 describere
1193 712 1296 800 velis,
1318 712 1542 807 exponendum

366 828 493 914 quidem
523 833 588 902 ent,
619 829 652 890 iu
681 849 743 910 qua
770 847 806 891 re
837 824 938 892 omnis
959 830 1059 896 virtus
1082 819 1119 893 et'
1135 827 1266 894 beatitas
1288 818 1451 919 consistat,
1475 841 1543 892 *nec

365 945 459 1008 vero,
483 933 510 994 si
533 933 659 1014 quidem
674 929 833 1014 dialogum
848 930 996 1005 scribere,
1019 935 1040 996 i.
1057 952 1089 1020 e,¹
1101 935 1255 997 sermonis
1270 933 1442 1016 quotidiani
1455 931 1542 1016 leges

365 1039 398 1101 in
420 1022 645 1118 disputatione
652 1037 823 1100 observare
845 1035 943 1111 velis,
976 1044 1073 1099 antea
1089 1035 1378 1118 pronunciandum,
1407 1042 1445 1100 te
1460 1035 1543 1131 velle

364 1139 535 1242 perfectam
557 1138 713 1202 civitatem
735 1136 1015 1216 describerent,
1042 1142 1196 1232 qnoniam
1217 1137 1250 1204 id
1272 1139 1363 1223 aliter
1385 1139 1461 1206 lieri
1475 1140 1542 1204 non'

366 1235 481 1328 possit,
505 1246 641 1329 primum
666 1240 842 1324 explicare,
868 1241 943 1342 quid
966 1245 1006 1307 sit
1027 1244 1155 1321 iustitia,
1179 1243 1305 1318 deinde,
1329 1247 1388 1308 bac
1408 1259 1445 1308 re
1466 1242 1542 1308 satis

368 1347 533 1430 explicata,
558 1345 720 1410 civitatem
737 1353 885 1409 extruere
906 1353 1062 1410 sermone.
1106 1346 1210 1421 Vides,
1233 1346 1265 1410 id
1280 1345 1391 1423 sitiat,
1415 1348 1542 1411 omnem

364 1453 428 1516 vim
451 1439 654 1514 dramaticum
677 1451 826 1528 interire3
856 1451 1048 1514 audientium
1077 1444 1360 1534 exspectationem.
1385 1467 1543 1534 quorsum
1653 1526 1654 1529 Ἴ

363 1545 472 1618 ¹omnia
494 1543 618 1636 abitura
640 1552 717 1628 sint,
733 1549 826 1630 ¹tolli3
851 1541 954 1638 neque
976 1556 1130 1618 sermonis
1153 1553 1327 1642 quotidiani
1348 1553 1472 1618 facilem
1494 1555 1543 1618 ine

367 1657 517 1747 stabilem
539 1665 713 1740 nouamque
742 1659 912 1731 rationein,
947 1659 1002 1720 sed
1028 1658 1180 1722 strennas
1211 1663 1414 1742 austerasqne
1449 1655 1545 1722 disci·

366 1760 473 1845 plinae
501 1759 586 1844 leges
612 1759 784 1825 observari.
829 1763 910 1843 Apta
937 1766 1020 1824 esset
1041 1748 1118 1824 baec
1139 1748 1350 1847 ratio'opcri,
1380 1763 1464 1846 quod
1486 1783 1544 1825 vo-

367 1871 446 1938 cant,
469 1865 677 1952 systematico,
700 1863 731 1926 in
754 1879 816 1947 qno
839 1872 983 1928 auctores
1005 1852 1100 1947 saepe
1121 1862 1322 1947 profitentur,
1341 1863 1379 1930 'se
1393 1867 1542 1948 honoret

366 1966 450 2032 illam
480 1967 677 2049 disciplinam
698 1969 820 2031 ratione
849 1974 880 2031 et
907 1967 958 2037 via
980 1971 1106 2033 tradere
1127 1967 1224 2043 velle,
1254 1964 1428 2052 operisque
1445 1967 1541 2032 tinem

250 2125 253 2132 .
367 2079 463 2154 atque
485 2071 666 2146 consilium,
697 2065 858 2157 eiusque
849 2085 881 2134 ιιι
902 2079 1009 2155 partes
1031 2070 1288 2137 distributionem
1304 2073 1463 2157 ordientes
1486 2074 1545 2137 de·

369 2173 510 2241 scribere
532 2173 642 2240 solent.
671 2177 799 2239 Setino
814 2174 963 2258 vulgaris,
987 2196 1041 2260 qur
1033 2174 1188 2265 dialogis
1202 2176 1399 2260 exprimitur,
1422 2175 1462 2241 ab
1476 2197 1543 2240 una

368 2263 471 2361 aliqua
493 2291 528 2342 re
549 2277 713 2342 fortuitum
735 2280 859 2342 initium
881 2294 995 2361 capere
1018 2280 1105 2353 solet,
1132 2302 1196 2343 non
1217 2274 1445 2362 praemeditato
1467 2288 1542 2345 ante

366 2373 484 2466 reliqui
503 2381 657 2468 sermonis
679 2385 807 2462 ordine,
831 2400 890 2446 nec
911 2385 944 2446 in
965 2391 1072 2465 partes
1091 2381 1323 2449 distributione
1347 2379 1543 2449 Manteio-

364 2510 444 2572 μαι,
467 2485 541 2578 ἔφη,
564 2486 766 2552 σκοπεῖσθαί
788 2479 833 2565 dc,
856 2486 917 2552 ἐἴτι
938 2483 1198 2586 παροιὸιξόμιίιιι
1221 2489 1408 2612 τραιῳόίαι
1430 2510 1462 2552 τι
1485 2492 1543 2553 καὶ

366 2585 590 2679 κωμῳδίαι
559 2613 604 2667 εις
626 2585 1005 2670 ιὴιιιιόιινιιιιιιιιὶιιῦ.
1030 2586 1136 2668 Ἴσως,
1160 2575 1255 2670 rivd'
1279 2588 1350 2675 ἐγὼ,
1372 2594 1542 2656 nataliter
1575 2618 1578 2624 ·

367 2691 414 2757 ἔτι
437 2687 575 2758 τούτων
599 2717 636 2758 ov
659 2689 826 2782 7520er
808 2683 1090 2778 ιγωγέιιιιοῗδα
1113 2688 1193 2758 ἄλλ’
1219 2687 1543 2779 ὅιιηᾶιιὸλόγις

368 2785 531 2884 ὥσπερ
523 2797 681 2879 anenno
704 2799 820 2890 φέρῃ,
843 2791 973 2889 coitu
996 2791 1177 2862 itiones.
1202 2794 1477 2910 tinnipant,
1502 2801 1539 2861 l).

366 2907 397 2964 ct
414 2901 512 2994 primi
535 2897 607 2963 libri
629 2898 767 2996 finem'l
1059 2930 1061 2933 ·

450 2995 551 3067 Porio
582 3006 711 3088 gravius
734 3004 835 3068 sideri
865 3001 958 3067 debet
985 3023 1054 3068 csse
1082 3006 1296 3087 propositum,
1331 3011 1425 3088 ιιιιιιιι
1455 3000 1542 3089 quod

366 3108 518 3194 sermonis
540 3105 700 3170 familiaris
722 3107 861 3174 facilitati
890 3099 1099 3189 respondeat,
1131 3111 1171 3172 de
1200 3105 1318 3190 optima
1345 3110 1491 3172 civitate
1487 3106 1542 3172 ita

368 3189 448 3276 velle
471 3203 577 3274 dicere
598 3213 706 3294 idque
716 3217 788 3273 ante
810 3211 1039 3293 pronunciare,
1061 3221 1096 3281 ut
1111 3228 1225 3279 omncs
1247 3220 1353 3295 partes
1375 3213 1459 3287 eins,
1481 3210 1542 3275 mi-

368 3313 471 3378 nimae
494 3304 662 3388 masinae,
693 3322 839 3378 accurate
862 3317 1058 3384 enarrentur
1104 3315 1205 3394 Quam
1234 3314 1274 3380 ob
1304 3328 1429 3380 cansam
1459 3318 1540 3380 adeo

366 3415 461 3481 huins
491 3401 646 3482 sermonis
672 3415 920 3501 magnitudinem
949 3428 1110 3484 excusaret
1131 3413 1294 3484 Platonem
1326 3418 1468 3502 =videmus
1499 3447 1543 3466 -ὰ

368 3509 462 3605 οἶμαι
488 3527 549 3605 ’μιν
577 3513 641 3609 γὰρ
671 3516 729 3587 oria
761 3516 871 3605 ὀλίγον
901 3521 995 3610 ἔργον
1024 3518 1106 3596 unco
1128 3513 1274 3588 εἷναι-
1232 3530 1328 3589 -et
1348 3531 1543 3606 praeparare

368 3623 537 3716 legentium
560 3626 692 3718 animos,
717 3643 756 3689 ne
778 3624 908 3701 nimium
929 3625 996 3719 din,
1021 3627 1129 3691 relicta
1144 3624 1328 3710 quaestione
1349 3629 1389 3690 de
1411 3628 1540 3701 iustitia,

367 3726 400 3791 in
421 3723 593 3810 Republica
614 3730 735 3794 versari
757 3727 909 3795 videatur.
950 3731 1065 3794 Contra
1085 3729 1163 3794 nibil
1177 3733 1433 3813 reprehensionis
1447 3728 1544 3794 babe-

366 3827 452 3906 bit,
460 3833 486 3894 si
507 3835 577 3916 quis
599 3832 766 3908 iustitiam,
800 3851 860 3915 per
888 3853 980 3918 φιιιιι
997 3832 1041 3898 ita
1061 3837 1101 3898 ad
1117 3834 1351 3917 rempublicam
1372 3833 1542 3899 facillimus

544 4013 548 4026 b

431 4093 461 4157 ·*)
479 4097 519 4154 ct.
541 4097 595 4150 Clo.
616 4098 691 4150 Brut.
712 4111 736 4150 c.
756 4099 807 4148 bd:
830 4098 987 4161 «sequitur
1002 4105 1033 4148 ut
1051 4101 1180 4164 cuiusque
1199 4089 1303 4165 genens
1317 4100 1378 4150 note
1392 4107 1540 4168 quescitur

326 4219 327 4222 =
368 4193 394 4240 ot
412 4187 556 4241 termula.
555 4188 708 4252 Magnum
722 4201 788 4250 opus
815 4191 843 4244 et
867 4189 982 4238 arduum
1003 4195 1034 4238 ιι
1058 4193 1207 4252 scopebam
1227 4190 1359 4241 dtximurc
1386 4191 1542 4253 seorsus·

366 4276 501 4329 dienttbus
521 4278 742 4356 considerandum
762 4278 821 4338 tuti,
844 4279 908 4340 quid
921 4289 1068 4343 ageremur
1087 4291 1159 4331 nunc
1172 4280 1280 4344 quidem
1293 4281 1356 4338 lans,
1374 4288 1539 4383 quocunqne

249 4361 253 4365 ’
362 4365 489 4432 tenemur,
508 4355 594 4420 danda
612 4349 737 4419 nimirum
757 4368 813 4421 veto
832 4373 902 4420 cunt.
916 4382 930 4414 ι
