3334 5142
838 374 1067 441 -ato-

371 534 582 603 nonliberari
602 534 721 622 poterit
740 529 945 620 philosophus
967 552 986 597 a
1007 534 1111 617 eulpa,
1135 532 1219 619 qnod
1241 533 1343 597 aliena
1364 529 1542 598 admiscue-

340 721 343 731 Ι
371 638 433 719 rit;
454 643 541 726 qnod
559 658 626 705 non
646 646 801 724 perpetuo
823 645 947 704 secutus
968 636 1009 701 sit
1029 640 1114 721 quod
1136 656 1210 722 vere
1231 636 1431 723 propositum
1444 634 1543 701 luerit

371 742 514 827 dialog03
545 746 631 829 qnod
651 727 886 828 perturbaverit
907 742 1109 805 dicendorum
1130 738 1293 819 ordinem;
1323 739 1349 805 si
1370 740 1451 829 boc,
1474 737 1542 803 tum

370 840 477 912 omnia
496 853 585 912 recte
606 866 641 911 se
660 848 786 919 babent,
807 844 939 929 pulchra
961 851 993 909 et
1013 850 1144 909 venusta
1157 852 1238 911 sunt.
1270 842 1423 909 Dubitare
1442 841 1544 927 igitur

370 948 504 1037 amplius
523 951 697 1037 poterimus
716 956 788 1014 utra
809 950 851 1013 sit
870 952 980 1015 harum
1001 945 1224 1015 sententiarum
1245 949 1374 1015 veriori

815 1175 1083 1191 ffl—

475 1364 592 1445 emet
616 1362 705 1480 ltlri
724 1370 837 1471 finam
862 1372 964 1441 recte
990 1388 1037 1439 oo
1061 1388 1131 1441 suo
1156 1330 1239 1441 loco
1261 1366 1426 1466 positum

370 1506 384 1517 ’“
445 1501 448 1505 ’
520 1521 523 1525 ’
780 1522 878 1588 esse,
907 1486 1127 1574 ostenditur.
1175 1492 1177 1496 ’

454 1684 697 1751 ostendendum
723 1686 783 1749 boc
816 1672 888 1749 loco
920 1702 985 1749 non
1016 1682 1083 1749 sine
1115 1685 1237 1750 ratione
1266 1680 1427 1747 Platonem
1456 1682 1546 1745 hunc

368 1787 486 1853 librum
514 1808 533 1853 a
559 1787 683 1873 reliquo
710 1806 857 1853 sermone
886 1786 1075 1865 secrevisse,
1112 1788 1380 1871 repetentiumque
1401 1787 1487 1849 hunc
1509 1784 1546 1847 in

367 1879 464 1960 briem
485 1890 579 1964 huius
599 1890 672 1965 libri
693 1898 922 1974 argumentum.
965 1893 1067 1975 Atque
1089 1892 1266 1960 ostenditur
1287 1892 1423 1976 primum
1444 1889 1479 1951 in
1502 1906 1545 1951 eo

366 1994 562 2082 philosophis
590 1996 751 2060 civitatum
783 1992 917 2079 imperia
945 1992 1096 2059 tradenda
1125 2012 1210 2069 csse,
1245 1982 1543 2075 dubitationesque,

367 2118 446 2184 quas
467 2100 539 2184 quis
559 2115 687 2163 morere
709 2100 809 2184 possit
829 2106 938 2180 contra
957 2116 1027 2163 eam
1048 2097 1242 2171 sententiam,
1266 2098 1440 2163 diluuntur.
1480 2096 1546 2157 Po-

366 2209 484 2267 stremo
512 2200 690 2289 quaeritur,
722 2204 798 2288 quid
825 2200 896 2267 fieri
922 2199 1036 2267 debeat
1062 2221 1103 2265 ne
1131 2202 1265 2265 intereat
1285 2196 1486 2286 philosophia
1511 2196 1547 2263 in

368 2301 559 2394 civitatibus.
603 2306 769 2371 Revocatis
793 2308 855 2369 hoc
882 2306 953 2370 loco
981 2304 1014 2369 in
1042 2306 1227 2371 memoriam
1248 2303 1302 2379 iis,
1337 2324 1418 2389 quae
1448 2308 1548 2367 antea

367 2405 407 2474 do
433 2407 671 2493 magistratuum
693 2403 846 2475 electione
862 2415 901 2473 et
922 2406 1108 2475 educatione
1136 2407 1219 2473 dicta
1247 2413 1353 2484 erant,
1390 2408 1487 2472 etiam
1511 2402 1547 2469 in

367 2511 551 2596 disciplinis,
573 2514 659 2577 etin
680 2511 809 2577 summis
830 2511 987 2590 maxime,
1011 2518 1151 2579 summos¹
1171 2513 1372 2596 magistratus
1394 2508 1547 2575 erudien-

367 2618 425 2681 dos
451 2627 519 2683 esse
547 2618 698 2693 docetur,
732 2636 866 2700 quarum
887 2602 1051 2681 ¹summum
1081 2624 1174 2702 atque
1203 2623 1379 2681 extremum
1407 2614 1448 2678 sit
1469 2612 1547 2679 idea

364 2718 451 2794 beni,
473 2718 514 2791 ad
535 2740 630 2805 quam
650 2720 793 2805 perfecta
813 2718 924 2785 civitas
946 2704 1093 2807 componi
1110 2726 1144 2785 et
1157 2717 1297 2785 ordinari
1311 2715 1435 2787 debeat.
1471 2716 1546 2793 Qua

366 2822 519 2909 explicata
539 2824 614 2889 huic
634 2829 724 2889 sexto
744 2820 829 2888 libro
849 2822 943 2889 linem
962 2822 1111 2911 imponit.
1133 2855 1175 2871 -
1197 2824 1291 2909 Quod
1306 2818 1333 2886 si
1347 2822 1447 2905 igitur
1464 2838 1547 2906 pan-

365 2928 410 2992 cis
430 2925 524 2994 buius
545 2926 621 3018 libri
640 2914 861 3012 argumentum
883 2930 1187 3011 comprehendatur,
1216 2946 1254 2990 eo
1284 2926 1396 3011 quaeri
1417 2913 1547 2989 videbi-

364 3046 446 3107 mus,
468 3023 623 3114 primum·
644 3051 720 3118 num
741 3030 938 3121 philosophis
960 3032 1120 3097 civitatum
1140 3028 1274 3113 imperia
1286 3026 1442 3093 tradenda
1457 3028 1543 3091 sinti
1619 3067 1621 3076 ·

291 3210 297 3231 .
365 3122 451 3211 tum,
478 3130 506 3198 si
527 3134 604 3204 siut:
635 3131 796 3222 quomedo
814 3135 1042 3199 instituendum
1064 3136 1164 3198 sitne
1185 3130 1384 3218 philosophia
1406 3128 1548 3196 civitati·

366 3239 427 3302 bus
447 3235 599 3315 intereat,
612 3224 663 3301 Ἦ.
693 3258 725 3302 e,
752 3257 834 3321 quae
863 3235 974 3302 electio
1004 3258 1084 3322 quae
1113 3235 1256 3302 educatio
1279 3236 1545 3321 philosophorum

368 3358 439 3407 esse
460 3339 592 3407 debeat,
629 3342 793 3407 Posterior
813 3348 918 3405 tamen
939 3342 1032 3406 huius
1047 3339 1265 3427 disputationis
1280 3359 1355 3423 pars
1369 3359 1434 3406 non
1449 3328 1545 3424 plane

368 3438 556 3521 absolvitur,
586 3446 642 3509 scd
663 3446 846 3521 commode,
876 3443 1088 3527 explicatam
1110 3444 1311 3529 gravissima,
1345 3442 1419 3508 idea
1443 3439 1542 3518 boni,

367 3546 474 3614 linitur
497 3547 552 3615 bic
578 3547 671 3613 liber.
717 3550 857 3634 Septimo
886 3546 1013 3613 demum
1034 3548 1116 3612 libro
1138 3547 1208 3631 ipsa
1228 3542 1416 3614 describitur
1436 3545 1491 3611 ria
1513 3551 1546 3609 et

368 3654 469 3735 tatio,
491 3673 556 3741 qua
576 3650 617 3717 ad
637 3651 742 3717 ideam
763 3650 1076 3739 bonipcrveniatur.

776 3914 1118 3940 m*
