3334 5142
616 434 766 499 -309
814 474 850 491 ...

139 592 330 681 Colligcm'u‘s
350 589 448 681 igitui-
460 590 574 660 'omnia
594 607 677 681 quac
696 594 785 659 Plato
806 593 876 659 aliis
896 588 975 661 Iocis
996 588 1046 661 dc'
1058 588 1219 663 civitatum
1232 594 1313 662 inte

137 700 201 767 ritu
216 702 258 767 ite
268 699 412 777 tradidit,
435 705 471 765 ut
482 698 523 765 dc
540 715 650 765 corum
664 700 820 765 mntcmm
837 716 933 766 nemo
947 700 1081 765 dubitet.
1113 701 1160 765 Ac
1171 701 1320 789 primum

138 804 266 892 quidem
291 806 487 869 afferendum
515 804 658 879 videtur,
682 806 768 889 quod
792 803 996 887 Reipublicae
1020 802 1078 869 lib.
1105 802 1338 891 111,'p.t12.·

139 908 364 993 scriptumest:
400 904 467 972 Τὸν
486 900 631 972 κάλλιστ’
655 901 723 997 ἄρα
744 906 885 999 μουσικῇ
904 903 1128 993 γυμναστικὴν
1142 903 1313 996 κεραννύν-

138 1036 183 1079 τα
209 1016 265 1078 καὶ
297 1005 503 1115 μετριώτατα
531 1009 570 1103 τῇ
594 1010 686 1104 ψυχῇ
717 1012 970 1100 προσφέροντα,
1003 1008 1121 1077 τοῦτον
1147 1004 1311 1100 ὀρθότατ’

140 1112 182 1182 ἂν
202 1118 325 1206 φαῖμεν
339 1116 422 1181 εἰναι
437 1115 552 1190 τελέως
565 1108 712 1199 pocotxc'
713 1136 813 1179 τατον
827 1118 883 1179 καὶ
899 1108 1204 1201 εὐαρμοστότατον,
1230 1111 1314 1183 πολὺ

136 1220 281 1308 μᾶλλοι,
309 1214 332 1299 ἢ
360 1214 419 1283 τὸν
446 1212 506 1295 τὰς
530 1213 655 1303 χορδὰς
680 1211 842 1301 ἀλληλοις
864 1210 1072 1298 ξυνοστοιντοι.
1104 1211 1313 1304 Εἰκόναςχ,

139 1323 219 1413 ἔφη,
242 1348 267 1389 οι
250 1309 477 1409 Σώκρατες.
516 1315 645 1387 Οὐκοῦν
664 1324 720 1386 καὶ
742 1320 836 1385 ἐν
796 1345 835 1415 cg
857 1314 991 1388 πόλει
973 1325 1068 1408 ημῖν,
1090 1348 1116 1387 ιο
1099 1306 1315 1404 Iluducrv,

139 1421 247 1511 δεήσοι
268 1425 328 1492 τοῦ
351 1419 503 1492 τοιούτοιν
525 1419 615 1501 τινὸς
635 1418 697 1490 cici
706 1394 901 1505 ἐπιστολτοο,
922 1448 958 1491 ει
952 1419 1168 1512 μέλλει
1146 1452 1168 1508 η
1197 1429 1325 1493 ιιολι-ἰ

139 1531 229 1597 τοία
252 1524 480 1611 σώζεσθαις
505 1524 621 1616 Δεήσει
641 1532 755 1616 μέντοι
775 1522 819 1606 ὡς
841 1518 911 1594 οἷόν
933 1528 971 1593 τέ
988 1552 1025 1613 χε
1044 1522 1202 1613 μαλιστα.

138 1618 141 1625 ’
196 1638 312 1719 ,Βοὶμ
334 1632 390 1699 lib,
418 1635 472 1704 ΙΙΙ,
497 1654 528 1717 p.
548 1633 622 1725 did,
647 1654 716 1719 sqq.
744 1634 790 1697 St.
814 1635 896 1697 hunc
918 1630 1009 1697 Pisto
1026 1630 1166 1699 sabulum
1182 1641 1309 1699 narrat:

138 1736 394 1805 Persuadendum
419 1754 488 1804 essc
518 1741 648 1804 summis
667 1731 862 1821 reipublicae
886 1736 1135 1820 magistratibus,
1161 1737 1312 1805 militibus

140 1842 296 1927 tertioque
325 1842 442 1908 civium
463 1840 586 1918 ordini,
614 1845 701 1926 quod
719 1842 812 1906 intra
840 1848 959 1905 terram
982 1839 1085 1905 simul
1110 1860 1219 1907 omnes
1248 1840 1313 1907 ficti

139 1945 249 2013 nutriti
276 1953 308 2011 et
332 1945 456 2012 cducuti
480 1948 557 2021 sint,
574 1942 850 2029 ‘quemadmodum
871 1942 1055 2009 nutriendos
1077 1934 1311 2033 ct'cducandcs

140 2070 209 2114 csse
237 2052 333 2133 paulo
363 2057 435 2114 ante
464 2051 648 2115 ostenderit.
701 2048 862 2113 Pcriectcs
895 2048 1009 2122 deindo
1035 2055 1153 2116 terram
1179 2055 1313 2115 matrem

140 2157 174 2218 in
200 2152 303 2219 lucem
328 2150 482 2230 edidisse,
509 2174 579 2233 esse
604 2141 707 2234 igitur
720 2149 836 2217 fratres
864 2160 951 2217 terra
975 2158 1167 2237 procreatos.
1210 2154 1313 2219 Deum

139 2276 220 2324 vcro
233 2257 289 2341 qui
312 2276 367 2322 eos
391 2254 524 2340 fingeret
543 2276 655 2321 corum
675 2256 788 2321 animis
802 2258 857 2341 qui
878 2254 918 2321 ad
938 2257 1108 2340 imperium
1122 2257 1186 2343 apti
1210 2265 1316 2324 essent

139 2371 252 2425 aurum
275 2359 496 2437 admiscuisse,
520 2367 689 2450 argentum
707 2357 874 2435 militibus,
903 2360 1023 2425 ferrum
1046 2366 1077 2425 ct
1095 2381 1150 2425 aes
1169 2360 1315 2445 agricolis

140 2472 173 2528 et
194 2461 351 2549 opilicum·
369 2464 456 2529 omni
488 2462 609 2546 generi.
654 2465 759 2542 Quum
784 2483 862 2529 vcro
888 2483 997 2528 omncs
1020 2461 1162 2531 ciusdem
1188 2467 1315 2548 generis

141 2571 220 2645 sint,
241 2564 329 2643 fieri,
352 2565 586 2653 utplcrumqu‘c
600 2563 660 2631 sibi
674 2566 792 2632 similes
802 2570 987 2650 procreent,
1007 2566 1165 2633 interdum
1179 2588 1257 2635 vcro
1274 2591 1315 2635 cx

139 2690 237 2736 aureo
269 2672 359 2736 nasci
395 2679 580 2756 argenteum
611 2678 642 2735 ct
677 2690 718 2735 cx
749 2678 900 2755 argenteo
940 2679 1086 2745 curcum,
1123 2673 1313 2757 reliquaque

140 2776 245 2841 omnia
267 2774 377 2840 itaer
402 2794 437 2839 sc
458 2782 578 2841 mutuo.
621 2774 855 2860 Magistratibus
874 2773 972 2859 igitur
992 2773 1176 2858 praecipere
1199 2774 1311 2854 dcum,

140 2887 256 2946 utnon
277 2879 370 2944 eliam
394 2899 463 2944 rem
492 2877 672 2969 diligentius
697 2884 826 2966 curent,
851 2900 944 2964 quam
967 2876 1042 2964 quid
1070 2881 1181 2945 barum
1206 2900 1315 2946 rerum

139 2985 262 3048 animis
277 2990 424 3049 natorum
448 2982 616 3049 admistum
641 2984 690 3051 sit
732 2987 814 3048 dere
841 2981 993 3068 lerrcquc
1019 2982 1214 3050 intermistos
1240 3004 1316 3069 pro·

140 3085 310 3152 trudendos
333 3107 404 3152 esse
428 3090 470 3151 ad
497 3086 652 3172 agricolus
678 3087 710 3153 'et
738 3085 875 3170 opilices.
919 3088 954 3151 Si
985 3106 1058 3151 vcro
1091 3106 1131 3152 cx
1162 3086 1211 3152 his
1242 3090 1316 3173 quis

140 3211 225 3258 auro,
239 3198 434 3276 argentoque
456 3188 650 3256 intermistus
674 3197 764 3257 natus
782 3189 899 3265 fucrit,
923 3209 996 3258 cum
1019 3188 1215 3255 educendum
1231 3211 1313 3269 esse,

140 3302 173 3359 ct
194 3294 246 3361 vcl
266 3295 349 3359 inter
373 3314 512 3359 summos
536 3294 731 3378 reipublicae
760 3296 975 3379 magistratus,
1004 3292 1055 3359 vcl
1087 3295 1172 3359 inter
1199 3294 1313 3361 milites

138 3397 367 3481 recipiendum.
423 3403 503 3463 Nam
539 3418 608 3463 cssc
638 3398 757 3465 oraculi
787 3416 992 3481 responsum,
1029 3407 1093 3463 tum
1122 3401 1315 3465 interituram

140 3503 290 3566 οιόλλολιοι
308 3505 436 3585 aiserro
458 3511 512 3567 cut
536 3522 604 3567 acre
617 3504 782 3567 intonuisti
793 3496 971 3585 reipublicae
984 3500 1185 3585 gubernaculo
1201 3512 1317 3569 teuent

140 3640 183 3655 -
206 3600 249 3683 ὡς
266 3606 415 3693 χρησμοῦ
436 3602 532 3683 ὄντος
553 3600 627 3671 τότε
648 3602 708 3691 τὴν
722 3600 818 3671 πόλιν
831 3604 1088 3696 διαφθαρῆναι,
1111 3596 1193 3673 ὅταν
1213 3602 1317 3693 αὐτὴν

141 3704 161 3774 ὁ
183 3710 338 3797 σιδηροῦς
357 3704 383 3793 ἢ
402 3703 431 3780 ὁ,
440 3709 584 3797 χαλκοῦς
605 3703 744 3802 φυλάξῃ.
793 3712 842 3773 En
865 3709 1046 3793 perturbato
1071 3704 1169 3795 igitur
1200 3709 1316 3777 civium

141 3812 271 3889 ordine,
295 3832 358 3898 quo
384 3810 440 3888 liat
463 3820 499 3877 ut
519 3815 560 3877 ad
579 3811 722 3877 militiam
747 3814 798 3876 vcl
824 3810 1029 3899 opificisapti
1053 3815 1094 3877 nd
1119 3812 1315 3899 reipublicae

141 3914 355 4003 gubernacula
372 3901 599 3993 admittantur,
623 3914 815 3999 reipublicae
843 3915 942 4002 ipsius
966 3914 1129 3983 interitum
1155 3917 1315 3983 hocloco

141 4018 230 4085 Plato
254 4018 337 4086 baud
366 4021 463 4084 dubie
496 4022 621 4104 repetit.
664 4021 701 4084 Id
729 4038 856 4104 quoquc
886 4017 1109 4085 attendendum
1137 4029 1198 4098 cst,
1220 4018 1313 4107 qnod

142 4121 203 4187 boc
231 4125 350 4188 croculi
383 4142 557 4205 responsum
589 4142 658 4189 esse
691 4123 785 4199 dicit,
820 4125 1094 4210 quemadmodum
1117 4122 1199 4191 libro
1231 4126 1315 4233 Vlll.

141 4228 247 4291 Musas
265 4245 334 4290 rcnr
358 4224 483 4291 tradere
508 4224 608 4310 lingit.

226 4330 284 4394 llis
304 4305 378 4395 addi
402 4326 533 4397 dcbcnt
543 4350 624 4416 (praa
648 4330 683 4395 in
710 4329 794 4397 tertii
818 4328 893 4396 libri
917 4327 979 4397 fine
1003 4328 1151 4417 leguntur
1173 4355 1207 4419 p
1224 4278 1313 4401 stc.
