3334 5142
367 541 494 625 nso'nem
515 553 556 621 da
576 543 714 623 iustitiae
733 540 849 639 natura-
865 564 900 623 et
918 555 1126 644 praestantia;
1159 560 1422 643 quemadmodum
1445 560 1543 625 etiam

368 664 550 729 Ciceronem
580 655 785 744 Reipublicae
815 658 900 727 libro
932 663 1028 752 tertio
1059 663 1158 727 muita
1185 661 1302 731 dixisse
1327 662 1472 729 videmus
1502 666 1542 729 de

367 764 485 831 iustitia
506 771 539 828 et
558 762 721 833 iniustitia.
805 780 810 787 ’

412 863 416 873 ’
451 870 521 934 tion
547 872 778 955 praetereunda
813 866 874 933 boc
902 868 973 935 loco
1013 888 1100 954 qnae
1126 888 1159 957 p.
1188 872 1268 947 591,
1301 873 1337 936 E.
1373 874 1541 957 leguntur:

363 966 452 1039 Ἀλλ’
477 964 673 1056 ἀποβλέπων
687 996 749 1057 γε,
782 962 883 1048 εἶπον,
915 969 999 1063 πρὸς
1030 968 1088 1055 τήν
1120 975 1154 1041 ἐν
1175 968 1264 1066 αὐτῷ
1292 976 1459 1042 πολιτείαν
1488 979 1543 1041 irai

367 1068 545 1169 φυλάττων
570 1068 617 1161 μή
646 1096 679 1140 τι
708 1072 873 1171 παρακινῇ
900 1072 1005 1143 αὑτοῦ
1031 1077 1095 1143 τῶν
1123 1078 1190 1144 ἐκεῖ
1213 1102 1241 1144 κ.
1269 1102 1298 1145 τ.
1325 1079 1349 1145 ε’.
1406 1082 1456 1145 Ex
1478 1083 1544 1145 'boc

367 1180 440 1245 loco
470 1174 678 1247 Schneiderus
709 1179 810 1263 praef.
842 1200 883 1271 p,
909 1182 965 1245 XI,
995 1179 1115 1265 colligit
1148 1180 1308 1248 Platonem
1344 1202 1409 1248 nno
1444 1202 1544 1269 opere

366 1280 490 1347 ‘ethicen
528 1296 565 1346 ac'
605 1282 757 1367 politicen
795 1282 969 1369 perfectam
1005 1286 1225 1370 complexum,
1265 1285 1296 1351 ei
1314 1288 1544 1352 ‚coniunctioni

368 1383 599 1473 significandae,
612 1389 705 1452 etiam
726 1386 852 1453 titulum
873 1386 980 1474 operis
1002 1388 1302 1465 accommodavisse,
1324 1396 1357 1454 et
1376 1382 1545 1457 πολιτείαν

367 1487 586 1575 inscripsisse,
621 1510 685 1575 qno
712 1493 841 1557 nomino
862 1499 930 1556 tum
951 1490 1118 1575 singularis
1138 1494 1276 1558 hominis
1297 1500 1329 1558 et
1349 1492 1545 1559 montisbu-

367 1612 487 1668 maoao,
508 1598 544 1657 ut
565 1594 693 1660 exlibri
717 1596 793 1659 noni
814 1593 876 1660 fine
891 1593 1064 1660 clarissime
1076 1602 1240 1682 appareat,
1262 1602 1330 1661 tum
1351 1594 1544 1681 reipublicae

367 1705 401 1763 et
427 1697 567 1785 plurium
592 1695 751 1763 societatis
779 1683 903 1783 legibus
931 1704 1096 1765 contentae
1122 1706 1236 1767 statum
1264 1701 1458 1765 indicaret.»
1506 1699 1543 1765 Id

353 1822 446 1893 'vero
466 1804 531 1866 iam
551 1822 663 1867 omnes
684 1801 873 1883 concedent,
895 1807 1110 1890 metaphorice
1130 1804 1348 1870 tantummodo
1369 1806 1404 1869 in
1424 1803 1474 1869 his
1497 1806 1546 1870 lo-

367 1915 476 1973 cutum
503 1926 574 1972 esse
600 1905 782 1983 Platonem,
805 1912 845 1995 ¹et
865 1907 1000 1990 primam
1021 1908 1158 1976 nominis
1180 1912 1305 1973 caumm
1326 1909 1364 1973 iu*
1382 1907 1546 1998 Πολιτείᾳ

368 2011 500 2099 proprie
521 2008 566 2074 sic
587 2011 670 2075 dicta
690 2010 824 2096 positam
848 2032 935 2087 osse,
964 2030 1023 2075 nec
1044 2012 1112 2076 sine
1134 2030 1246 2095 magna
1267 2018 1334 2077 arte
1354 2003 1452 2098 atque
1470 2030 1548 2097 prn-

368 2115 475 2186 dontia
493 2112 613 2179 iactum
634 2114 721 2189 osse,
752 2118 838 2199 qnod
869 2134 923 2179 env
937 2116 1067 2180 humani
1087 2112 1183 2181 animi
1206 2120 1288 2180 statu
1310 2122 1348 2179 et
1363 2112 1546 2183 conditione

367 2216 469 2304 ipsam
505 2219 600 2282 etium
632 2217 872 2303 Rernpnblicam
903 2218 1090 2302 repetiverit
1118 2226 1150 2283 et
1177 2217 1276 2284 animi
1302 2220 1404 2283 nostri
1432 2226 1547 2287 statum

367 2320 570 2411 Reipublicae
610 2320 831 2388 assimilaverit
857 2329 997 2388 unctor.
1030 2324 1180 2403 Extremo
1215 2329 1319 2387 autem
1348 2340 1435 2387 nono
1462 2319 1548 2387 libro

367 2428 446 2490 baec
465 2424 631 2509 leguntur·
668 2420 779 2491 Oia
756 2450 841 2509 αρα,
865 2424 947 2519 ἔφη,
967 2419 1011 2490 τά
1031 2448 1069 2545 γε
1088 2420 1243 2491 ecclesisis
1266 2420 1419 2506 ἐθελήσει
1441 2448 1549 2547 πρατ-

366 2534 444 2609 rete,
467 2523 584 2619 ἐάνπερ
605 2520 726 2594 τούτου
748 2523 898 2610 adducat.
940 2518 994 2615 Νη
1020 2524 1078 2594 τὸν
1099 2524 1199 2608 κύνα,
1227 2514 1367 2609 Ιἦν”ιλ
1351 2524 1428 2615 εγὼ,
1441 2526 1490 2593 ἔν
1511 2552 1548 2613 γε

367 2634 419 2727 τῇ
428 2634 548 2699 ἱαντον
532 2626 661 2699 πόλει
683 2636 738 2697 καὶ
759 2626 869 2719 μάλα,
901 2626 940 2698 οὐ
962 2634 1081 2719 μέντοι
1096 2632 1174 2710 ἴσως
1202 2630 1236 2698 ἕν
1261 2656 1296 2717 ys
1327 2632 1366 2725 τῆ
1394 2631 1548 2719 πατρίδι,

368 2704 426 2803 iba
445 2731 492 2822 μὴ
513 2734 597 2802 θεία
626 2759 677 2813 τις
701 2730 866 2829 ξυμβῇ’
828 2760 919 2823 τυχη.
961 2731 1160 2815 Muscam,
1176 2734 1264 2861 ἔιρη·
1293 2735 1332 2801 ἐν
1347 2723 1373 2830 ᾗ
1393 2758 1465 2802 νον
1486 2736 1549 2801 δι-

365 2833 559 2925 ἠλθομεν
580 2834 813 2919 οἰκίζοντες
833 2833 954 2905 πόλει
977 2841 1126 2923 λέγεις,
1154 2839 1193 2933 τῇ
1214 2840 1247 2904 ἐν
1268 2834 1382 2923 λόγοις
1403 2839 1549 2965 κειμένη,

368 2943 435 3009 επεὶ
455 2942 516 3027 γῆς
536 2967 572 3027 γε
594 2931 800 3027 οὐδαμοῦ
765 2967 860 3029 οιμαι
882 2937 986 3023 αὐτὴν
1008 2931 1101 3008 εἶναι.
1140 2936 1254 3021 Ἀλλ’,
1283 2927 1421 3022 ἦνὸΗ
1406 2938 1482 3027 εγὼ,
1515 2942 1549 3007 ἐν

239 3044 242 3048 ’
368 3040 499 3138 οὖρανῷ
528 3046 610 3124 ’ἴσως
640 3039 853 3134 παραδειγμα
882 3038 1053 3113 ἀνάκειται
1084 3044 1131 3137 τῷ
1157 3038 1394 3136 βουλομένῳ
1377 3045 1463 3135 ορᾷν
1491 3048 1549 3111 και

369 3143 488 3237 ὁρῶντι
517 3144 637 3216 ἑαυτὸν
663 3150 867 3230 κατοικίζειν.
899 3150 1048 3241 διαφέρει
1072 3150 1107 3213 δὲ
1130 3142 1242 3228 οὐδὲν,
1275 3148 1337 3214 εἴτε
1364 3172 1429 3214 nov
1459 3146 1550 3215 ἔστιν

367 3252 432 3319 ἐἱίε
452 3250 555 3329 ἔσται·
583 3248 627 3318 τὰ
646 3249 712 3342 γὰρ
734 3248 858 3333 ταύτης
877 3247 983 3338 μόνης
1004 3248 1045 3319 ἂν
1066 3246 1230 3340 πράξειεν,
1261 3247 1363 3333 ἄλλης
1391 3254 1426 3317 δὲ
1455 3246 1549 3318 οὐδε-

367 3356 461 3443 μιᾶς.
505 3349 607 3433 Εἰκός
636 3352 676 3442 y',
707 3355 784 3447 ἔφη.
829 3350 932 3433 Quam
960 3354 1011 3422 bic
1039 3362 1181 3420 esberno
1203 3374 1287 3419 nono
1311 3352 1394 3420 libro
1416 3354 1550 3421 ciuitatis

370 3458 531 3547 perfectae
551 3480 570 3524 a
589 3480 626 3525 se
647 3459 792 3544 conditae
813 3459 901 3525 Plato
923 3458 997 3525 facit
1017 3459 1218 3532 mentionem,
1246 3478 1317 3523 eam
1338 3461 1452 3523 eodem
1475 3478 1552 3525 con-

371 3562 442 3629 silio
463 3564 579 3628 iactam
600 3582 669 3629 osse
690 3571 856 3647 putamus,
890 3585 952 3648 quo
979 3565 1042 3627 iam
1071 3548 1218 3629 extremo
1241 3570 1354 3627 octavo
1375 3560 1457 3627 libro
1480 3582 1550 3627 eam

370 3666 520 3732 iniectam
555 3666 803 3733 escendimus.
848 3671 888 3733 Et
918 3670 1073 3733 esthaec
1102 3667 1240 3749 optimae
1271 3664 1419 3740 civitatis,
1453 3665 1550 3732 modo

243 3812 247 3817 -
369 3778 564 3845 exstructae,
586 3773 706 3837 mentio
720 3773 770 3835 ‘ita
790 3769 897 3847 facta„
914 3778 951 3835 ut
971 3768 1059 3835 Plato
1081 3760 1229 3855 bac'ipsa
1251 3789 1287 3833 re
1309 3768 1339 3833 ei
1358 3770 1481 3855 primas
1503 3778 1552 3835 to·

369 3873 437 3939 tias
460 3874 682 3960 disputationis
710 3873 859 3940 tribuisse
890 3873 1057 3939 videatur.2
1091 3876 1169 3937 Nam
1200 3871 1227 3937 si
1249 3874 1283 3937 in
1299 3874 1553 3938 demonstranda

372 3976 510 4043 institiae
529 3976 720 4064 praestantia
742 3964 859 4063 dialogi
880 3976 950 4069 finis
972 3978 1105 4060 positus*
1118 3983 1215 4050 esset,
1244 3983 1277 4040 et
1298 3977 1325 4039 si
1347 3977 1456 4042 civitas
1482 3983 1552 4044 tan-

370 4088 439 4145 tum
466 4080 667 4148 illustrandae
696 4082 764 4145 eins
783 4081 833 4146 rei
855 4080 955 4165 gratia
978 4088 1137 4145 exstructa
1159 4079 1340 4156 videretur,
1373 4082 1495 4147 versari
1517 4083 1551 4145 in

372 4182 525 4250 lectorum
546 4185 657 4274 animis
678 4188 740 4249 boc
760 4188 896 4270 quidem·
909 4183 979 4251 loco
1002 4182 1080 4249 nihii
1101 4182 1187 4249 aliud
1207 4202 1339 4251 necesse
1359 4181 1429 4260 luit,
1455 4204 1552 4268 quarn

372 4289 456 4353 hanc
476 4290 517 4353 de
537 4286 905 4372 institia-quaestionem,
928 4286 1221 4376 multopremagis'
1237 4285 1284 4363 ab,
1298 4304 1410 4353 eonun
1431 4288 1551 4358 menti-
