3334 5142
603 415 832 498 *2⁷⁹-

123 579 260 665 ranam
277 574 430 650 multa
453 578 512 645 ‘dea
540 576 750 644 Hemonam.
795 576 838 640 So
863 577 934 643 dass
955 573 1035 643 annh
1056 572 1090 641 in
1111 572 1216 641 dunen
1235 578 1308 655 Bae¹

123 682 378 767 dehungl‘latan
389 684 458 773 aiala
467 679 686 748 dasniehtwill
695 682 831 750 neharen
840 680 953 757 lassen,
967 676 1020 745 nei
1032 682 1089 745 der
1099 680 1298 765 Anordnung

124 786 229 854 seines
260 778 381 853 stantes
409 787 467 852 aud
490 787 542 853 die
570 784 670 869 arrige
699 785 853 869 ordnung
873 781 936 849 des
951 786 1075 851 Ganaen
1097 786 1234 869 genehen
1254 806 1294 849 zu

122 886 238 957 habea
280 892 371 956 Doeh
401 889 480 955 alles
507 886 611 955 deses
639 884 899 954 herausrnlinden
928 886 981 953 hat
1008 886 1119 954 Platon
1140 888 1209 953 -fast
1226 905 1297 953 nur

123 994 198 1061 dem
218 997 316 1061 neser
336 977 559 1060 iiberlmsenn
591 994 638 1069 id,
660 1011 850 1077 quamquam
871 990 1024 1077 sagaciter
1044 993 1226 1068 inventum,
1251 998 1294 1069 et,

123 1097 152 1164 si
178 1104 292 1164 reram
319 1104 419 1173 esset,
454 1104 564 1182 aptum
590 1094 631 1161 nd
652 1103 796 1162 'nosoam
822 1098 863 1159 de
891 1096 995 1181 operis
1023 1092 1085 1161 dne
1109 1097 1299 1164 mandam

122 1200 354 1278 adiuvandam,
371 1207 477 1268 tamen
496 1207 667 1288 propterea
686 1197 1018 1286 improbamus,'quia
1039 1220 1103 1265 non
1124 1190 1297 1265 solnm'in'*

122 1304 259 1375 dinatum
280 1326 348 1371 non
367 1312 426 1381 est,
450 1302 536 1391 quod
550 1308 619 1387 ipse
634 1303 779 1369 coneedit
794 1283 1108 1379 Sehleiermaelnerua,
1134 1304 1190 1368 aed
1201 1304 1298 1369 edam

123 1411 318 1475 conantium
346 1410 386 1473 iia
416 1429 497 1496 quae
524 1404 729 1493 philosophus
759 1428 836 1472 rere
849 1410 960 1472 doeet.
1001 1409 1085 1472 'Nam
1106 1404 1297 1489 uoanolnur

121 1516 291 1579 nemorum
310 1513 408 1577 animi
428 1517 501 1604 post
522 1508 741 1596 migrationem
762 1510 847 1577 mille
864 1528 1020 1576 annorum
1034 1510 1067 1576 in
1081 1509 1163 1577 hane·
1174 1516 1293 1575 terram

121 1615 266 1691 redeunt,
288 1618 345 1682 sed
365 1615 511 1701 plerique
532 1616 625 1679 etiam
646 1634 759 1681 eorum
779 1607 836 1702 qui
856 1634 914 1701 per
928 1616 1051 1681 inferna
1066 1614 1135 1681 lona
1155 1616 1311 1703 migrare*

123 1722 346 1807 coactierant.
392 1720 437 1785 Cf.
458 1740 494 1802 p.
517 1719 589 1784 619.
610 1719 650 1784 l).
670 1787 673 1794 ,
696 1720 842 1784 Ceterum
858 1710 931 1785 'has
959 1739 1008 1783 res
1038 1720 1133 1783 etiam
1155 1738 1194 1784 eo
1210 1717 1309 1784 mule

122 1824 296 1891 tum-inter
317 1844 352 1888 se
374 1822 542 1898 differunt,
571 1823 659 1907 qnod
685 1821 866 1909 philosophi
884 1822 994 1888 salutis
1015 1822 1161 1909 publicae
1183 1838 1295 1898 causa,

122 1932 163 1995 ad
193 1928 361 2016 molestum
394 1948 468 1994 sane
499 1929 638 2011 regendi
664 1934 775 1993 ennae
804 1927 967 2012 negotium
997 1928 1169 2001 accedunt,
1203 1924 1302 1990 animi

121 2051 219 2108 vero,
247 2036 320 2119 post
347 2033 568 2119 migrationem
588 2029 674 2095 mille
696 2051 867 2103 annorum,
896 2030 1004 2097 rerum
1025 2028 1305 2116 ordiniparentea

121 2140 156 2203 in
175 2141 259 2202 hane
277 2143 393 2201 terram
415 2132 560 2232 redeunt.
604 2138 671 2211 De.
680 2135 767 2199 omni
794 2155 830 2200 re
860 2132 908 2201 oi..
929 2121 1078 2202 lih.'v11'.
1101 2154 1134 2222 p.
1159 2134 1233 2199 ill).
1257 2134 1295 2207 d,

121 2245 159 2307 B.
205 2241 340 2305 Omnem
359 2228 437 2303 vero
459 2236 646 2305 sermonem
660 2240 705 2303 ita
725 2237 858 2305 elauditt'
894 2239 963 2305 Kal
991 2225 1110 2316 οὗτος,
1133 2223 1158 2303 ὦ
1187 2230 1297 2306 laad
1307 2290 1312 2303 ,

122 2366 204 2419 κων,
223 2342 355 2429 μῦθος
382 2336 498 2423 ἐσώθη
521 2345 580 2407 καὶ
610 2336 669 2407 οὐκ
697 2336 845 2408 ἀπώλετο
874 2346 930 2409 καὶ
951 2335 1044 2426 ἡμᾶς
1074 2335 1114 2407 dv
1145 2333 1294 2421 σώσειεν,

121 2441 170 2515 ἂν
184 2439 391 2533 πειθώμεθα
412 2441 519 2538 αὐτώ,
544 2449 600 2510 καὶ
627 2440 686 2511 τὸν
713 2444 771 2526 τῆς
796 2438 925 2526 Λήθης
945 2440 1096 2530 ποταμὸν
1118 2428 1152 2511 εὖ
1175 2446 1296 2530 (laepia
1314 2528 1317 2540 *

122 2546 261 2637 σόμεθα
287 2553 344 2615 καὶ
372 2544 431 2630 τὴν
456 2544 573 2645 ψυχὴν
596 2542 635 2614 οὗ
662 2543 957 2668 μνανθησόμεθαὶ
980 2541 1096 2613 nilla*
1074 2571 1114 2613 αν
1127 2548 1207 2634 ἐμοὶ
1230 2572 1298 2615 ater„

122 2648 293 2742 θώμεθα,
313 2651 498 2740 νομίζοντες
526 2645 706 2719 ἀθάνατον
732 2648 791 2734 τὴν
812 2647 925 2745 ψυχὴν
946 2655 1001 2717 καὶ
1023 2646 1165 2732 δυνατὴν
1187 2644 1300 2717 πάντα

121 2764 183 2846 μὲν
203 2752 290 2823 κακὰ
311 2751 509 2844 ἀνέχεσθαι,
535 2750 651 2822 πάντα
669 2757 703 2822 δε
725 2750 864 2841 ἀγαθὰ,
888 2755 944 2837 τῆς
965 2750 1031 2821 ἄνευ
1054 2748 1177 2847 ὁδοῦ
1158 2759 1214 2823 αεὶ
1222 2748 1297 2837 ἑξό
1348 2830 1352 2837 ¹

120 2864 219 2963 prandet
247 2864 303 2927 καὶ
333 2854 545 2978 deserentium·
559 2856 648 2979 μετὰ
670 2854 871 2960 φρονήσεως
881 2862 979 2926 παντὶ
1001 2852 1110 2951 τρόπῳ
1134 2852 1299 2939 tentarat

21 2981 25 2993 ’·
123 2986 239 3053 anper,
266 2959 323 3030 ἰνα
351 2969 407 3030 καὶ
429 2957 515 3051 ἡμῖν
528 2956 641 3041 αυτοῖς
663 2960 798 3057 (γέλοι’
777 2984 862 3083 μμεν
884 2965 939 3029 καὶ
961 2966 1031 3047 τοῖς
1052 2966 1166 3043 θεοῖς,
1195 2956 1299 3028 αὐτοῦ
1373 2991 1375 2995 ’

122 3092 157 3135 τε
182 3071 333 3168 μένοντες
361 3062 484 3134 ἐνθάδε
514 3072 570 3133 καὶ
597 3062 728 3133 επενδὰν
748 3064 791 3132 τὰ
811 3053 908 3133 ἆθλα
939 3060 1040 3147 αὐτῆς
1066 3061 1295 3153 κομιζώμεθεε,
1342 3098 1345 3101 ·

124 3163 242 3260 ώσνεερ
252 3174 284 3237 oi
305 3164 482 3292 νικηφόροι
502 3166 797 3290 περιαγειρόμενοι,
825 3174 886 3236 καὶ
909 3164 1033 3237 ἐνθάδε
1055 3170 1148 3235 xel'
1132 3192 1166 3236 εν
1187 3168 1226 3264 τῇ
1244 3196 1296 3257 χι

123 3278 222 3341 λιέεεν
241 3275 368 3393 angele,
391 3267 431 3355 ἣν
452 3260 711 3361 διεληλύθαμεν,
732 3260 765 3340 εὗ
788 3268 1002 3362 πράττωμεν.
1025 3277 1074 3339 lle
1096 3278 1154 3339 huo
1175 3281 1297 3360 postra-

122 3398 175 3444 ma
196 3377 304 3465 operis
325 3385 413 3464 parte
435 3376 513 3443 huet
532 3377 674 3443 habeto:
700 3377 884 3444 Neeessarin
906 3378 1069 3442 Platonem
1091 3380 1117 3443 ai
1139 3378 1201 3443 sibi
1223 3398 1297 3444 eon-

122 3491 207 3549 atare
235 3481 346 3558 vellet,
378 3483 412 3546 in
439 3480 501 3547 fine
530 3481 648 3567 dialogi
675 3480 715 3547 ad
744 3481 961 3568 quaestionem
984 3484 1023 3547 de
1044 3478 1178 3557 iustitia,
1212 3480 1296 3547 unde
1407 3567 1410 3573 1

123 3589 226 3655 omnis
256 3604 361 3651 sermo
388 3589 540 3653 deductus
570 3592 653 3661 erat,
682 3596 784 3673 aqua
805 3584 954 3651 indicium
977 3605 1071 3651 omne
1094 3588 1133 3652 de
1156 3586 1296 3671 perlecta

122 3689 294 3779 Republica
320 3677 494 3776 pendebat,
518 3689 625 3757 redire
655 3683 822 3768 debuisse3
861 3692 986 3755 sivero
1009 3668 1226 3789 disputationis
1256 3692 1296 3756 de

122 3795 262 3863 iustitiae
284 3792 578 3881 praenuntiatore
600 3794 735 3861 dixerim
756 3792 962 3859 humilitatem
985 3801 1016 3858 et
1037 3791 1198 3869 ambitum,
1222 3813 1294 3859 eum

123 3906 320 3986 argumento,
344 3896 531 3982 splendore,
558 3896 803 3983 magnificentia,
824 3899 994 3984 praecipue
1017 3908 1129 3964 eorum
1151 3919 1231 3983 quae
1253 3896 1293 3963 alr

123 4006 186 4069 Ere
207 4008 390 4075 narrentur,
422 4004 670 4085 comparaveris,
704 4022 768 4067 non
783 4001 843 4067 illo
865 4001 1036 4068 haneEris
1058 4001 1291 4079 narrationem,

123 4110 180 4173 sed
208 4105 249 4172 ad
275 4107 529 4192 Rempublieam,
561 4126 642 4191 qnae
669 4105 713 4171 ita
741 4126 812 4172 oum
832 4102 1036 4175 universitate
1058 4127 1186 4183 rerum,
1221 4126 1292 4174 eum

123 4204 381 4277 aeterno'totius
401 4210 521 4273 'mundi
553 4218 658 4278 meatu
689 4216 787 4295 atque
812 4208 924 4275 ordine
951 4212 1040 4294 quasi
1069 4217 1290 4287 connectatur,

124 4313 284 4407 pertinere
315 4315 523 4379 statuendum.
578 4315 759 4379 Postremae
790 4320 895 4380 autem
928 4315 1021 4381 huius
1058 4316 1163 4400 operis
1194 4314 1292 4402 partis
