3334 5142
848 395 1054 458 ..66-

221 547 227 564 “
364 553 579 640 pertinerent3
609 549 661 620 de
682 549 817 638 scritate
841 507 949 621 sutem
976 553 1009 620 in
1040 555 1222 630 universnm
1244 561 1370 632 =tontum
1390 552 1541 630 dinisset,

368 657 463 724 nullis
485 677 530 724 ex-
548 658 690 728 Homero
704 657 856 744 exemplis
869 657 981 733 allatis,
1002 657 1076 724 setis
1092 658 1313 730 verosimiliter
1325 658 1437 725 salsum
1449 658 1543 734 banc,

362 782 464 850 ¹quem
485 781 582 855 supra
602 761 746 846 legimus,
764 760 807 844 ,de
830 760 987 833 dictorum
1007 760 1120 831 ordine
1141 782 1178 828 sc
1197 761 1406 848 dispositione
1417 770 1544 828 senteu-

368 868 445 934 tiam
471 863 616 952 proferre
643 873 780 951 poterat,
812 885 873 932 nec
886 864 1073 932 timendum
1095 874 1178 947 erut,
1208 887 1249 932 ne
1270 867 1354 952 quis,
1370 869 1444 954 qui
1465 869 1546 944 haec

360 969 663 1057 primumnlegeret,
696 969 938 1036 etPlatonieem
961 968 1001 1054 de
1022 981 1158 1055 quatuor
1178 968 1543 1038 virtutihus-doctrinam

368 1073 525 1158 cognitam
546 1093 611 1142 non
631 1071 777 1149 haberet,
799 1078 879 1140 hauc
900 1072 1048 1143 lraudem
1064 1074 1243 1160 philosophi
1264 1073 1542 1141 animadverteret.

368 1181 434 1245 Nos
461 1185 565 1244 tamen
593 1197 708 1244 verum
736 1175 957 1264 disputationis
985 1177 1131 1244 ordinem
1155 1198 1252 1265 suprs
1273 1182 1474 1266 proposuisse
1495 1176 1546 1242 in-

362 1289 523 1367 terpretes
544 1281 758 1358 consentiunt,
792 1280 846 1362 (cl.
871 1280 1063 1358 Stellbaumii
1083 1281 1190 1349 locum
1210 1300 1306 1370 quem
1325 1303 1422 1366 supra
1439 1283 1545 1366 scrip

336 1435 339 1444 ι
363 1385 491 1472 simus)
515 1389 619 1454 vetad
647 1383 791 1482 homines
810 1384 890 1452 baec
911 1385 1018 1456 omnia
1037 1386 1198 1470 pertinere
1220 1391 1340 1452 certum
1359 1392 1420 1450 est.
1450 1388 1544 1449 Nam

368 1511 450 1577 quae
473 1489 512 1556 de
525 1487 683 1560 heroibus
705 1489 820 1565 velent,
831 1510 911 1558 cur
921 1510 986 1557 non
999 1493 1118 1557 ‘eadem
1139 1493 1180 1556 de
1201 1487 1381 1566 Ιιοιιιιιιιιιιιι
1398 1487 1544 1556 vneanta
1655 1548 1656 1577 ἶ

370 1597 433 1668 Cur
455 1592 544 1660 enim
559 1597 637 1660 haec
659 1591 699 1658 de
719 1590 873 1662 heroibus
894 1601 925 1660 et
946 1588 1151 1668 daemonibus
1168 1595 1252 1664 dieta
1264 1584 1305 1663 nd
1317 1591 1454 1658 militum
1467 1591 1546 1658 edu-

369 1700 525 1766 cationem
546 1696 745 1772 adhibentur,
768 1719 849 1786 eum
861 1696 896 1764 in
915 1695 1028 1774 finem,
1051 1705 1089 1764 ut
1107 1696 1222 1771 lentes,
1245 1706 1472 1789 temperantes,
1494 1717 1546 1762 su·

368 1799 503 1888 pientes,
514 1799 700 1867 iustitiam
723 1803 835 1867 Curde
845 1801 1038 1870 solesustrtra
1048 1800 1445 1889 phdosophusdscerenon
1457 1799 1546 1868 vult?

369 1909 531 1991 Tanquam
559 1905 601 1972 de
630 1903 811 1972 homiuibus
838 1903 916 1972 nibil
936 1903 1022 1973 aliud
1043 1904 1106 1971 diei
1125 1913 1247 1991 posset,
1281 1926 1375 1990 mam
1396 1907 1502 1990 quod
1504 1906 1546 1968 ad

369 2009 519 2076 iustitiam
533 2009 715 2095 pertineret,
737 2029 796 2074 nec
817 2007 933 2078 dictum
955 2007 996 2076 sit
1008 2007 1042 2077 in
1055 2007 1234 2095 prioribus!
1258 2009 1383 2076 Dictum
1397 2016 1445 2074 est
1459 2007 1545 2074 euim
1655 2052 1656 2107 ι

371 2117 410 2180 do
425 2111 628 2196 tortitudine,
651 2110 690 2179 de
711 2111 918 2186 veritate,·de
939 2114 1161 2198 temperentia,
1184 2117 1224 2180 de
1244 2113 1362 2181 iustitia
1382 2115 1462 2199 ipsu.
1497 2110 1546 2176 Cf.

365 2237 402 2304 p.
420 2221 494 2282 390.
512 2221 552 2290 l).
571 2237 638 2303 sqq.
660 2220 704 2284 hc
725 2215 891 2286 tradidisse
911 2215 946 2282 in
967 2215 1015 2281 his
1036 2216 1283 2290 Platonemnon
1303 2217 1547 2304 verum-dispu-

369 2320 497 2386 tationis
517 2319 674 2395 ordinem,
697 2317 754 2386 sed
774 2319 923 2388 fefellisse
944 2319 1105 2395 lectorem,
1127 2323 1223 2387 etiam
1242 2342 1283 2387 eo
1305 2319 1544 2409 comprobatur,

371 2423 457 2509 quod
488 2423 644 2510 primum,
680 2432 785 2508 quam
800 2423 852 2490 hic
880 2423 1036 2491 dictorum
1060 2422 1333 2512 dicendorumque
1358 2423 1546 2495 methodum

369 2535 512 2596 secutum
533 2549 567 2594 se
589 2549 658 2614 esse
681 2527 766 2605 dicit,
792 2549 841 2594 ea
851 2546 961 2615 parum
984 2527 1079 2627 digna
1099 2527 1229 2603 videtur
1243 2550 1314 2596 esse
1330 2537 1421 2597 tanto
1442 2529 1547 2615 philo-
1654 2590 1655 2601 ,

370 2635 489 2720 sopho,
507 2631 576 2734 qui
598 2641 684 2706 recte
705 2635 856 2698 cernendi
876 2639 976 2698 estem
998 2635 1126 2719 egregie
1146 2641 1280 2700 teneret.
1324 2637 1419 2700 Nam
1425 2628 1547 2718 lingeu-

366 2717 509 2803 dorum
499 2735 674 2804 carminum
695 2735 807 2802 ratio
796 2758 832 2802 iu
853 2735 1060 2813 daemonum,
1088 2735 1222 2803 heroum
1243 2736 1483 2822 hominumque
1477 2759 1547 2821 qe
1654 2806 1655 2841 ,

369 2837 500 2908 neribus
536 2860 577 2904 ex
611 2837 725 2914 iisdem
754 2838 895 2906 lentibus
922 2861 960 2905 ec
989 2842 1180 2927 praeceptis,
1214 2837 1397 2921 virtutibus
1408 2848 1547 2974 quotuor
1654 2850 1655 2855 ’

371 2941 597 3020 cardinalibus,
624 2945 725 3028 repeti
746 2940 852 3009 debet.

370 3108 375 3114 .
453 3047 575 3115 Deinde
592 3067 648 3112 res
669 3049 738 3133 ipsa
758 3055 853 3132 atque
873 3038 989 3131 veritis
1009 3047 1083 3114 huic
1104 2993 1209 3115 ordini
1230 2985 1423 3134 refragetur.
1464 3051 1545 3115 Num

370 3151 412 3220 ad
439 3156 554 3218 herbas
582 3137 708 3236 quidem
736 3151 834 3218 multa
858 3151 1018 3236 pertinent
1045 3173 1127 3238 quiue
1152 3153 1228 3221 inde
1260 3151 1311 3222 eb
1334 3152 1425 3219 initio
1456 3153 1545 3218 tertii

370 3254 459 3322 libri
466 3254 714 3345 praecipiuntur,
736 3255 781 3340 ιιι
800 3263 908 3322 tamen
927 3257 1024 3321 utin
1037 3254 1183 3324 omuibus
1204 3256 1427 3342 disputationis
1447 3260 1547 3344 parti-

265 3379 276 3396 ·
316 3401 320 3406 ·
370 3357 431 3426 bns
459 3379 569 3427 eorum
592 3359 767 3451 aequaliter
793 3359 874 3430 ratio
895 3363 1068 3435 habeatnr,
1096 3361 1282 3447 nequeits,
1308 3369 1348 3426 nt
1368 3381 1467 3429 unum
1489 3359 1546 3427 ali·

371 3461 458 3549 quod
481 3461 699 3550 disputationis
720 3464 1125 3556 caputherdasprsecipne
1139 3473 1268 3553 spectet.
1312 3463 1545 3539 Eodemmodo
1653 3472 1654 3475 ’

361 3573 405 3634 'se
417 3588 479 3634 >res
500 3565 689 3640 habetcum
711 3565 917 3634 daemonibus
937 3588 985 3664 ιοι
998 3567 1075 3645 diis,
1104 3573 1146 3634 de
1175 3566 1290 3654 quibus
1312 3568 1498 3654 aequaliter·
1512 3568 1546 3634 in

371 3670 519 3740 omnibus
548 3669 767 3754 disputationis
794 3669 937 3758 quartibus
963 3673 1090 3757 egitur.
1117 3677 1173 3737 'Ac-
1188 3679 1286 3738 recte.
1330 3671 1429 3739 Paulo
1453 3672 1546 3738 aliter

371 3793 405 3842 se
425 3796 477 3842 res
499 3772 688 3842 babet-cum
708 3774 748 3840 iis
769 3774 920 3860 quande·
933 3773 1045 3840 inieris
1064 3778 1265 3868 medentur„
1278 3796 1360 3862 ipsae
1385 3776 1474 3842 Plato
1503 3774 1546 3842 τὰ

372 3879 405 3945 ἐν
417 3870 538 3946 Ἅιδου
559 3879 711 3944 nominet.
756 3881 836 3944 Nam
856 3878 917 3944 nisi
938 3874 1106 3963 diligenter
1126 3880 1315 3956 ebenderis,
1331 3879 1431 3949 tacite
1452 3879 1547 3946 indu·
1652 3868 1653 3907 ι

348 4011 349 4014 “
371 3982 453 4050 ceris
475 3980 509 4048 in
530 3981 728 4068 opinionem,
750 4002 848 4050 uuum
870 3980 999 4069 aliquod
1018 3981 1237 4070 disputationis
1256 3990 1353 4069 caput
1372 3981 1546 4050 deinteris

370 4106 449 4152 esse.
484 4081 548 4152 Sed
568 4087 609 4150 cf.
632 4107 666 4170 p.
689 4088 762 4162 386,
784 4089 820 4151 Δ.
847 4086 909 4152 ,Τι’
931 4087 967 4151 δὲ
982 4080 1048 4167 ddi
1068 4082 1100 4152 εἰ
1114 4089 1289 4173 μέλλουσιν
1302 4077 1385 4154 εἶναι
1399 4081 1546 4172 ἀνδρεῖοι

369 4215 403 4258 u.
422 4214 450 4257 τ.
471 4190 495 4256 ἕ.
536 4188 632 4276 Vides
649 4189 750 4273 igitur
771 4201 867 4276 quum
887 4187 997 4254 cullida
1018 4188 1127 4267 Plato,
1156 4189 1238 4257 laisa·
1254 4183 1341 4258 veris
1361 4190 1544 4267 miscendo,

368 4314 546 4365 sermonem
567 4292 814 4372 ilainstituerit,
837 4301 874 4359 nt
892 4290 933 4365 de
946 4292 1043 4376 diis,
1056 4291 1280 4374 dromonibus,
1301 4299 1472 4387 heroibus,
1495 4293 1545 4363 in·
