3334 5142
859 361 1089 429 —m—

388 531 455 622 tum
488 544 528 589 ue
559 521 644 588 idem
664 522 792 607 quidem
819 520 1008 608 principium
1037 520 1077 587 sit
1103 522 1189 609 quod
1222 518 1370 607 priorum·
1388 520 1556 588 librorum.

388 630 468 700 Nam
488 629 590 691 ideam
611 624 687 690 boui
706 624 845 691 iustitiae
865 623 969 692 lorum
989 646 1158 709 occupare,
1184 628 1265 691 hano
1287 623 1410 702 redere,
1438 634 1470 691 et
1482 645 1561 711 spe·

387 731 436 795 cie
458 736 576 795 tautum
594 748 662 794 uon
675 748 711 793 re
726 730 863 814 primum
880 729 983 795 looum
1001 731 1149 805 retinere,
1174 730 1377 819 perspicuum
1395 736 1453 794 est.
1493 732 1561 795 lam

387 832 487 919 magis
518 839 651 918 apparet
682 853 739 897 cur
765 840 857 897 autea
892 835 932 899 de
966 833 1196 919 magistratibus
1227 854 1292 900 nou
1323 833 1415 899 latius
1441 832 1561 899 dictum

388 936 439 1005 sit.
480 939 568 1001 llaec
600 937 686 1001 euim
712 938 854 1021 quaestio
891 958 962 1003 oum
994 940 1177 1025 quaestione
1203 936 1242 1003 de
1266 940 1339 1003 idea
1362 935 1439 1003 honi
1460 938 1562 1021 magis

388 1041 553 1105 rouiuuola
581 1038 649 1105 luit.
692 1040 792 1104 Antea
816 1046 922 1105 autem
951 1044 1157 1126 quaerebatur
1180 1042 1309 1111 iustitia.
1352 1043 1463 1106 Nonne
1494 1062 1565 1105 om-

387 1146 440 1212 nia
467 1142 649 1230 perturbata
669 1151 785 1218 essent,
811 1146 850 1220 si,
877 1148 1016 1241 noudum
1041 1144 1165 1215 iuventa
1191 1144 1327 1221 iustitia,
1354 1143 1457 1211 ideam
1482 1142 1563 1210 boui

388 1248 545 1334 explicare
573 1246 746 1314 voluisset?
788 1250 866 1313 Nam
895 1250 939 1313 ita
962 1247 1142 1334 graviorem
1170 1251 1251 1313 haue
1281 1250 1498 1333 quaestionem
1528 1246 1564 1311 iu

388 1351 493 1417 medio
519 1350 648 1417 levioris
674 1353 801 1437 uaclrri
829 1368 958 1421 neeesse
985 1350 1055 1419 luit.
1100 1354 1145 1417 ho
1173 1374 1213 1417 ne
1240 1353 1342 1439 potuit
1371 1351 1500 1437 quidem
1529 1350 1563 1417 id

273 1477 276 1481 ·
388 1457 521 1529 omuino
541 1453 621 1531 fieri,
643 1454 670 1521 si
687 1453 815 1521 laedere
841 1455 939 1521 nollet
958 1457 1095 1541 speeiem
1114 1458 1154 1521 de
1173 1456 1279 1541 operis
1296 1454 1368 1522 fiue-
1379 1458 1562 1535 excitatam,

390 1558 501 1645 quaeri
526 1558 687 1634 iustitiam.
710 1592 753 1607 -
774 1561 864 1624 Nuuo
887 1569 1017 1644 apparet
1038 1559 1151 1636 etiam,
1176 1580 1234 1625 our
1257 1567 1349 1625 autea
1373 1558 1413 1626 de
1438 1559 1564 1628 libero-

387 1683 459 1729 rum
478 1662 708 1749 mulierumque
729 1662 1084 1729 commuuiouediotum
1104 1680 1168 1731 rou
1188 1664 1238 1729 sit.
1283 1667 1360 1729 Nam
1377 1683 1443 1729 uon
1457 1662 1564 1729 solum

387 1766 489 1850 alierm
509 1774 557 1831 est
578 1764 655 1847 haee
680 1763 848 1853 disputatio
871 1766 1045 1843 aiustitia,
1080 1770 1134 1833 sed
1154 1766 1349 1851 aliquatenus
1374 1766 1486 1834 saltem
1508 1786 1564 1832 oo-

361 1854 499 1941 'haeret
532 1890 604 1962 eum
640 1868 851 1960 disputatione
886 1873 925 1939 de
964 1869 1158 1957 philosophis
1186 1878 1280 1957 atque
1311 1870 1560 1955 magistralibus.

386 1976 470 2059 Ipsa
486 1994 565 2040 vero
589 1973 764 2040 liberorum
792 1973 1022 2059 mulierumque
1046 1973 1225 2041 commuuio
1258 1993 1334 2039 eum
1353 1972 1563 2057 potissimum

383 2076 422 2150 ,iu
442 2075 536 2145 finem
557 2076 682 2149 videtur
702 2076 842 2144 instituta
861 2096 929 2143 esse
945 2086 980 2143 ut
996 2074 1176 2163 philosophi
1193 2076 1392 2162 magistratus
1412 2078 1562 2143 existant.

382 2182 536 2268 ¹(hetorum
557 2180 585 2247 si
612 2201 765 2266 quaeras,
797 2202 854 2263 cur
877 2200 941 2247 uou
965 2179 1070 2245 statim
1093 2180 1184 2247 initio
1208 2182 1312 2245 ideam
1340 2178 1418 2253 boui
1443 2180 1564 2267 prinoi-

380 2284 477 2371 pium
501 2286 659 2371 perfectae
678 2283 816 2353 ,civitatis
847 2282 1062 2369 proposuerit,
1097 2285 1207 2349 eadem
1230 2283 1263 2349 id
1291 2286 1412 2350 ratione
1441 2265 1563 2349 fartum

383 2408 458 2453 esse
484 2386 762 2475 respondebimus,
799 2408 862 2474 qua
888 2408 990 2472 neque
1020 2386 1098 2453 dixit
1126 2388 1233 2464 Plato,
1272 2407 1305 2455 se
1338 2390 1378 2454 ad
1408 2386 1563 2453 iustitiam

382 2499 537 2583 =tauquam
563 2512 707 2560 normam
721 2488 872 2583 domare
905 2490 1074 2557 civitatem.
1120 2492 1207 2568 Quae
1237 2488 1442 2557 dissimulatio
1475 2490 1562 2557 eirea

387 2598 492 2662 ideam
523 2594 607 2676 honi
628 2603 714 2685 tanto
741 2594 842 2681 magis
858 2592 1035 2665 retinenda
1058 2592 1136 2670 fuit,
1177 2598 1262 2679 quod
1290 2597 1372 2660 hano
1400 2595 1562 2667 civitatem

386 2721 452 2764 uon
475 2697 546 2773 diis,
571 2701 629 2765 sed
652 2696 832 2766 homiuibus
853 2698 989 2767 condere
1009 2696 1136 2765 volebat
1156 2698 1256 2775 Plato,
1281 2701 1367 2783 quod
1391 2701 1465 2765 idea
1482 2697 1561 2766 boui

382 2809 435 2869 est
459 2802 648 2889 principium
675 2801 809 2869 civitatis
836 2800 994 2878 divinum,
1024 2803 1140 2867 iustitia
1160 2804 1348 2882 humanum
1384 2805 1472 2887 quod
1492 2804 1561 2886 ple-

387 2926 487 2991 raque
515 2905 657 2974 instituta
683 2907 817 2971 civitatis
840 2904 1011 2993 secuudum
1041 2906 1191 2971 iustitiam
1221 2905 1357 2981 maxime
1382 2907 1561 2971 ordinanda

387 3016 479 3077 erant
504 3017 536 3075 et
560 3008 661 3078 serius
677 3008 811 3089 ‚demum
838 3011 878 3075 ad
899 3008 1002 3074 ideam
1027 3005 1104 3097 boui
1128 3010 1296 3076 accedebat
1320 3009 1434 3080 oratio.
1478 3012 1560 3075 Nam

387 3120 423 3180 ut
446 3115 479 3181 iu
502 3116 639 3179 humano
661 3112 765 3179 auimo
787 3112 924 3198 primum
946 3110 1161 3199 quaerendum
1180 3123 1238 3189 est,
1269 3134 1349 3197 quae
1372 3115 1434 3179 sint
1448 3120 1559 3196 partes

385 3215 455 3283 eius
480 3224 512 3283 et
526 3224 609 3284 utra
633 3218 725 3297 alteri
749 3222 907 3303 praestet,
945 3214 1057 3283 deiude
1085 3218 1244 3301 quomodo
1273 3236 1329 3283 eae
1346 3259 1348 3267 ψ
1363 3215 1559 3283 ordinandae

387 3320 451 3387 siut
470 3322 644 3390 secuudum
667 3328 811 3387 murram
840 3338 944 3395 suam,
979 3327 1011 3385 et
1036 3328 1146 3405 postea
1166 3316 1297 3388 demum·
1316 3323 1426 3409 quaeri
1448 3319 1557 3396 dehet,

388 3422 465 3511 quid
489 3428 530 3491 sit
554 3446 719 3492 summum.
735 3432 974 3509 extremumque
1002 3425 1088 3507 quod
1116 3422 1211 3489 homo
1240 3431 1389 3511 appetere
1418 3422 1555 3500 debeat,

387 3526 500 3595 eodem
522 3530 618 3593 modo
635 3550 670 3593 se
689 3524 784 3597 hahet
801 3548 873 3593 eum
894 3526 1031 3604 civitate,
1056 3546 1136 3611 quae
1154 3536 1302 3612 tanquam
1321 3528 1422 3596 maior
1443 3527 1558 3613 aliquis

378 3636 485 3699 ‚homo
507 3641 566 3699 est.
611 3634 720 3717 ltaque
745 3630 882 3717 primum
902 3632 969 3695 eius
990 3638 1096 3716 partes
1118 3634 1316 3715 quaereudae
1334 3640 1366 3697 et
1382 3634 1557 3711 seeundum

387 3732 539 3803 iustitiam
564 3734 755 3802 ordinandae
777 3736 923 3815 luerunt3
952 3741 1018 3799 tum
1042 3737 1168 3799 demum
1193 3735 1303 3820 quaeri
1324 3732 1448 3812 debuit,
1479 3736 1557 3819 quid

388 3847 471 3905 esset
494 3837 650 3905 summum
672 3846 925 3925 extremumque,
953 3837 993 3905 ad
1020 3841 1105 3922 quod
1127 3838 1228 3903 omnis
1250 3836 1358 3905 civius
1381 3836 1556 3923 dirigenda,

320 3958 324 3966 ’
386 3940 472 4009 uude
497 3941 615 4008 iustitia
638 3941 707 4028 ipra
728 3950 875 4029 tauquam
899 3963 940 4008 ex
965 3943 1051 4007 fonte
1079 3962 1136 4007 suo
1161 3944 1331 4029 repetenda
1357 3932 1416 4007 siu
1459 3944 1556 4007 Fero·

387 4043 481 4111 batue
505 4054 609 4114 autem
635 4052 747 4113 natura
771 4044 891 4131 dialogi
918 4052 994 4121 tam¹
1011 4044 1211 4112 artificiosam
1239 4046 1426 4131 systematioi
1448 4047 1556 4132 operis

388 4150 558 4229 rationem,
590 4169 671 4237 quae
694 4150 821 4235 quidem
842 4151 913 4234 ipso
939 4148 1042 4234 operis
1070 4148 1159 4214 initio
1190 4149 1400 4216 iudicaretur?
1444 4148 1556 4217 Consi·

389 4254 540 4329 ‹lereutur
562 4273 642 4322 uero
668 4254 763 4335 etium
785 4256 883 4323 haee:
916 4254 1005 4321 Plato
1032 4251 1288 4343 hipponensis
1315 4250 1463 4341 operibus
1488 4251 1553 4321 suis
