3334 5142
830 374 1063 445 *2582-

356 541 443 603 es'set
462 533 653 622 philosopho
675 556 746 628 eam
768 556 934 623 quaerore.
976 536 1014 610 si
1035 556 1111 607 vero
1129 538 1285 625 'optimam
1307 541 1428 607 ιιιιιιιιιι
1452 536 1532 607 ciri·-

353 648 452 707 tatem
473 631 655 706 describere
675 640 783 718 vellet,
805 640 851 707 ita
871 649 906 715 nt
919 650 1077 729 qnantum
1101 664 1139 709 ea
1157 650 1299 726 ,praestet
1319 641 1451 729 reliquis
1472 664 1531 733 pa-

355 752 449 821 teret,
470 751 563 811 recte·
581 742 698 819 babent
718 746 824 809 omnia
846 754 877 809 et
895 743 1044 814 sulficere
1056 751 1203 831 poterat,
1226 744 1365 831 reliquas
1386 748 1530 811 civitates

353 847 496 914 breuiter
515 850 745 931 percensuisse.
789 850 996 916 Retinendam
1024 870 1102 917 uero
1129 848 1226 918 luisse
1255 848 1348 915 etiam
1370 847 1435 921 boc
1448 849 1529 915 tloco

355 972 450 1039 quam
479 949 520 1017 de
541 951 651 1038 operis.
669 950 731 1017 line
753 955 951 1031 excitaverat
968 952 1106 1036 speciem
1127 952 1441 1038 simulationemque,
1462 958 1531 1038 'qua

353 1055 512 1121 nausiam
534 1063 618 1132 erat,
637 1076 710 1139 ,μοι
730 1078 765 1121 se
786 1064 883 1139 patet
926 1059 1056 1131 lli-erat
1076 1056 1136 1123 ista
1159 1056 1328 1143 disputatio
1348 1060 1388 1122 ad
1410 1076 1531 1141 cogne-

354 1162 502 1239 scendam
523 1161 675 1243 optimae
686 1158 819 1227 ciuitatis
839 1168 983 1226 naturam
998 1169 1091 1245 atque
1105 1160 1330 1244 praestantiam
1343 1160 1530 1250 gradssima

354 1260 450 1349 atque
472 1265 554 1330 adeo
578 1265 765 1347 necessaria.
785 1300 828 1313 —
851 1268 930 1327 Tum
958 1263 1145 1333 timoeratici
1171 1266 1232 1329 viri
1260 1272 1404 1344 amaram
1433 1271 1529 1349 atque

354 1368 509 1452 originem
530 1366 618 1431 Plato
634 1367 802 1455 describit,
825 1366 899 1433 inde
921 1388 944 1432 a,
961 1389 994 1451 p.
1018 1370 1091 1449 5t8,
1113 1372 1205 1439 ll.-
1219 1371 1293 1444 550,
1318 1369 1351 1433 C.
1375 1370 1433 1447 St.;
1457 1384 1531 1434 eam

353 1488 431 1540 vero
459 1458 678 1555 quaestionem
705 1470 760 1535 illa
786 1473 827 1535 de
847 1470 1043 1537 timueratiae
1065 1474 1187 1557 origine
1209 1480 1303 1557 atque
1317 1479 1437 1540 natura
1458 1473 1529 1537 iere

352 1573 454 1639 altera
475 1575 523 1639 sui
545 1582 636 1657 parte
656 1572 777 1640 ambitu
797 1582 936 1657 superat.
981 1578 1030 1639 Ex
1052 1596 1115 1659 quo
1137 1595 1196 1641 nos
1218 1574 1257 1640 de
1279 1575 1404 1641 civitate
1422 1574 1460 1641 in
1479 1577 1529 1640 his

351 1675 552 1764 potissimum
572 1667 751 1743 sermonem
773 1698 842 1743 csse
864 1678 1051 1763 colligimus.
1093 1679 1260 1759 'Contraria
1274 1680 1326 1745 his
1340 1684 1420 1755 sunt
1444 1700 1526 1767 qaas

353 1789 462 1865 monet
481 1783 550 1846 Van
563 1784 697 1872 lleusdc
719 1780 888 1868 init-phil.
911 1780 986 1845 Plat.
1009 1784 1072 1847 rol.
1093 1784 1148 1847 111.
1170 1800 1203 1869 p.
1230 1785 1320 1849 ill:
1356 1781 1533 1848 elsinas·

353 1887 508 1951 vertimus
526 1884 618 1952 facile
640 1884 673 1951 in
694 1883 833 1969 legendis
855 1884 939 1951 bisne
962 1906 1072 1963 curam
1094 1885 1353 1972 diligentiamque
1376 1886 1546 1961 Platonis..

354 2010 418 2075 qua
438 1990 597 2055 homiuem
618 1989 706 2054 illum
728 1977 920 2075 exploravit:
943 1987 1092 2073 idemque
1112 1990 1388 2075 nobisdeinceps,
1411 1992 1468 2057 ubi
1484 1992 1527 2055 de

352 2093 425 2159 riro
446 2092 647 2177 eligarcbioo,
670 2090 882 2157 democratico
903 2099 939 2157 et
959 2094 1121 2177 tyrannico
1137 2094 1212 2177 agit,
1236 2094 1414 2179 apparebit·
1426 2092 1429 2097 ’
1441 2097 1528 2165 „Erat

354 2197 485 2265 scilieet.
497 2198 534 2259 ιιι
562 2194 649 2261 omni
670 2199 727 2261 hac
749 2184 959 2281 disputatione
972 2195 1133 2282 *princeps
1151 2196 1217 2269 eius
1239 2196 1420 2278 consilium,
1439 2214 1524 2277 gnon,

353 2297 393 2366 ut'
416 2302 577 2367 civitatum
603 2298 831 2374 conditionem,
861 2301 925 2365 sed
955 2308 989 2364 ut
1017 2297 1153 2367 hominis
1181 2306 1326 2363 naturam
1347 2302 1524 2385 indagaret.
1567 2369 1568 2376 χ

286 2401 289 2405 ’
353 2406 432 2470 Inde
454 2406 537 2469 enim
559 2402 702 2475 maxime
713 2404 945 2486 quaestionem
942 2405 1003 2473 (le
1007 2401 1128 2469 iustitia
1149 2422 1185 2467 ac
1200 2402 1354 2471 felicitae
1369 2403 1530 2490 explican-

355 2507 428 2580 dam
449 2527 518 2572 esse
534 2495 761 2571 arbitrabatur.
808 2506 1038 2573 Attendendum
1058 2505 1310 2572 autemnobis
1300 2508 1453 2590 inprimis
1466 2514 1533 2583 est,-

351 2612 531 2694 respexisse
552 2611 586 2674 in
607 2608 656 2674 bis
676 2575 898 2727 philosophum
913 2612 1110 2693 potissimum
1133 2612 1192 2675 tria
1214 2609 1380 2694 illaqueas
1402 2613 1436 2677 in
1457 2614 1529 2679 ani-

353 2725 408 2780 mo
421 2715 559 2782 hominis
571 2719 744 2799 repererat,
765 2709 823 2778 τὸν
839 2708 947 2798 λόγον,
967 2737 1005 2779 το
993 2708 1180 2801 deposuit
1184 2722 1242 2791 act
1256 2717 1387 2779 tertiam
1400 2708 1439 2781 τὸ
1458 2713 1531 2783 ἑπι-

354 2810 574 2905 θυμητικόν.»
610 2818 699 2893 Quae
720 2818 746 2879 si
768 2837 845 2881 vera
860 2824 973 2891 essent,
992 2815 1153 2883 Platonem
1169 2816 1295 2893 diversa
1309 2820 1459 2891 vitiorum
1474 2840 1531 2902 ge.-

353 2931 432 2988 ner'a
453 2926 485 2985 et
497 2919 627 2985 nomina
646 2940 711 2984 non
725 2913 1031 2985 accommodatarum
1046 2918 1143 2987 luisse
1158 2919 1253 2987 credo
1270 2920 1402 2988 diversis
1417 2940 1533 3000 rerum,

353 3024 553 3113 publicarum
574 3020 750 3108 generibus,
772 3022 827 3088 scd
850 3021 1034 3114 virtutibus,
1050 3044 1126 3108 quas
1148 3024 1323 3091 cardinales
1341 3032 1466 3099 vocant,
1490 3046 1531 3090 ex

355 3132 490 3195 aduerso
513 3126 748 3193 collocaturum.
781 3124 881 3205 Quod
899 3136 1005 3200 tamen
1026 3126 1142 3203 iactum
1159 3147 1223 3194 non
1239 3136 1312 3197 ests
1329 3132 1408 3193 Nam
1422 3128 1531 3199 omnia

353 3233 409 3300 hie
429 3254 471 3297 ex
493 3229 670 3297 civitatibus
691 3232 781 3317 qnasi
793 3250 954 3337 enprossa
975 3238 1047 3297 sunt
1067 3240 1098 3296 ct
1119 3232 1303 3297 timueratici
1323 3232 1455 3316 quidem
1469 3232 1531 3297 viri

353 3323 500 3402 naturam
521 3333 700 3400 describens
717 3334 821 3400 addit
837 3330 1003 3401 Ε’σιι
965 3362 1040 3423 γαρ,
1061 3334 1145 3426 ἔφη,
1142 3335 1255 3409 τοῦτο
1277 3330 1315 3401 τὸ
1337 3322 1468 3413 ἦθος
1450 3334 1543 3407 assia

354 3465 426 3522 unq
433 3439 500 3520 τῆς
516 3439 703 3516 πολιτείας.
737 3446 771 3503 et
790 3437 825 3503 in
841 3436 925 3503 ·finct
961 3437 1077 3507 Kat''
1058 3462 1129 3505 εστι
1154 3439 1214 3525 μέν
1241 3462 1294 3532 ys,
1328 3460 1384 3519 ην
1382 3432 1427 3503 ·’δ
1457 3433 1531 3522 syci,

354 3542 505 3620 τοιοῦτος
537 3535 567 3608 5
591 3537 824 3629 τιμοκρατικὸς
848 3539 1002 3622 νεανίας,
1035 3543 1074 3636 τῇ
1104 3535 1241 3634 τοιαύτῃ
1270 3534 1378 3607 πόλει
1400 3534 1528 3617 ἐοικώς.

355 3640 454 3715 Πάνυ
475 3651 537 3733 μὲν
556 3668 625 3712 ουν.
666 3647 885 3723 Praevalere'
876 3666 908 3709 ιιι
930 3644 979 3710 his
1001 3646 1153 3725 rationem
1167 3645 1326 3731 politicam
1341 3643 1530 3709 baeoetiam

352 3753 468 3847 docere
490 3756 656 3837 poterunt:
688 3751 841 3834 Γιγνεται
863 3744 958 3834 δέν,
980 3739 1089 3828 εἷπον,
1112 3738 1209 3825 οὗτος
1232 3737 1293 3813 ὧδέ
1312 3772 1412 3826 πως,
1428 3746 1530 3813 ἐνίοτε

353 3850 480 3943 πατρὸς
508 3848 692 3940 ἀγαθοῦ
675 3876 718 3919 ων
737 3854 811 3929 νέος
846 3849 916 3929 viba
937 3852 970 3917 ἐν
990 3846 1084 3917 πόλει
1106 3846 1275 3928 οἰκοῦντος
1296 3844 1356 3917 οὐκ
1378 3874 1412 3915 ευ
1434 3852 1530 3915 πολι-

354 3959 559 4051 τευομένῃκ.
580 3982 610 4022 τ.
631 3957 672 4035 εἰ,
667 3954 799 4048 idque
821 3958 1063 4042 exspectandum
1086 3963 1169 4037 erat,
1202 3976 1298 4042 quum
1322 3953 1453 4027 omnis,-
1474 3954 1531 4039 qui

353 4062 533 4145 praecessit,
556 4080 661 4128 sermo
682 4061 716 4122 in
735 4059 908 4142 Republica
928 4066 1070 4143 versatus
1094 4058 1146 4135 sit,
1171 4066 1202 4123 et
1220 4062 1300 4123 hane
1316 4076 1442 4143 quoque
1456 4075 1530 4122 aar·

353 4162 458 4252 monis
490 4169 612 4250 partem
645 4161 679 4227 in
700 4161 879 4246 «Republica
908 4164 1029 4243 versari
1052 4162 1152 4247 ipsius
1181 4160 1316 4228 Platonis
1346 4159 1528 4226 testimonio

352 4266 451 4356 paulo
475 4275 547 4351 ante
569 4266 898 4336 demonstraverimus
921 4266 1014 4333 -Valet
1031 4252 1139 4355 'tamen
1162 4268 1256 4339 etiarn
1282 4268 1359 4339 baec
1382 4267 1422 4331 de
1435 4263 1530 4331 timo·
