3334 5142
547 387 797 456 ’-33-·

128 551 245 621 dubium
266 549 472 638 relinquatur.
518 553 556 617 Et
584 554 737 618 miramur
765 571 839 616 sane
868 553 947 615 haec
972 537 1114 616 seribere
1135 545 1287 616 Stallhan·

126 657 231 724 mium:
253 678 268 714 (ι
276 656 473 740 Quamquam
495 675 574 721 vero
595 656 683 721 Plato
703 655 771 742 ipse
792 676 959 740 nusquam,
993 653 1069 740 quid
1089 654 1288 741 potissimum

125 760 315 847 spectaverit,
346 758 446 824 elaris
460 763 568 825 verbis
589 757 794 843 significavit·
820 758 876 826 sed
897 762 1002 844 potius
1024 780 1085 847 pro
1107 777 1197 825 more
1218 776 1286 835 suo,

124 862 309 930 callidissima
338 872 404 928 arte
428 863 611 940 occultavit,
633 881 797 948 'quorsum
820 880 941 928 summa
963 863 1129 932 universae
1151 863 1288 951 ‹lisputa-

123 965 425 1033 tioniscontentlat»
455 976 514 1032 cet.
544 966 589 1036 cf.
618 965 732 1034 introi.
755 967 788 1034 in
809 967 875 1032 Pol.
897 987 929 1053 p.
953 969 1082 1037 XXVll.
1126 955 1205 1033 Nam
1228 967 1292 1032 hoc

123 1069 240 1158 quidam
262 1068 344 1134 satis·
358 1079 487 1146 constat,
510 1071 671 1136 Platonem
691 1070 797 1136 dicere
819 1080 850 1137 et
871 1070 961 1146 velle,
983 1070 1017 1136 in
1038 1069 1194 1138 laudanda
1210 1091 1288 1138 vera

122 1171 249 1240 iustitiae
280 1179 493 1270 praestantia·
503 1175 609 1262 operis
641 1173 735 1240 finem
762 1175 900 1259 positum
926 1194 995 1241 esse
1024 1173 1137 1242 videri.
1178 1180 1289 1261 ltaque

123 1276 178 1342 duo
199 1285 318 1342 tantum
340 1263 577 1364 relinquuntur:
600 1289 654 1344 σοι
672 1281 808 1396 positum
824 1301 885 1344 erse
900 1281 935 1344 ιἰι
951 1301 987 1344 ια
1001 1299 1045 1344 νο
1067 1281 1168 1363 operis
1184 1283 1287 1362 finem,

122 1391 169 1446 ont
187 1383 331 1445 omulore
357 1384 389 1446 td
412 1385 576 1448 Plutonem.

199 1487 266 1550 lam
269 1486 487 1571 pervenimus
509 1492 549 1552 ad
573 1507 645 1552 eum
667 1487 819 1564 locum,
809 1509 842 1554 ιιι
864 1509 929 1575 quo
951 1488 1048 1559 totius
1057 1486 1288 1575 disputationis

121 1587 155 1656 de
178 1587 384 1674 Reipublicae
408 1589 476 1655 fine
497 1599 529 1656 et
550 1590 681 1658 consilio
703 1596 850 1679 tanquam
872 1590 968 1658 cardo
989 1591 1133 1659 vertitur.
1178 1596 1288 1713 ltaque

119 1694 180 1780 ipsa
209 1694 330 1758 Graeca
356 1677 455 1760 verba
482 1715 567 1762 cum
582 1695 701 1762 lectore
729 1696 1048 1818 communicabimus.
1088 1687 1188 1763 Εἶπον
1213 1695 1288 1778 οὐν,

121 1802 258 1864 Socrates
279 1796 393 1884 inquit,
423 1791 542 1890 ὅπερ
525 1802 596 1866 ιἰιοὶ
618 1793 789 1882 ἔὸοξεν,”
768 1827 822 1867 οτι
845 1797 883 1866 τὸ
910 1782 1075 1892 ζιιτιιμαι
1059 1789 1086 1865 ὦ
1108 1801 1288 1891 ἐπιχειροῦ-

118 1927 185 1990 μεν,
207 1897 246 1966 οὐ
270 1904 415 1994 φαῦλον,
438 1898 506 1969 ἄνι’
532 1899 595 1984 ὀξυ
609 1898 849 1989 βλέποντος,
828 1931 870 1982 ως
892 1906 964 1991 ιμοὶ
985 1905 1149 1996 (μαίνεται.
1178 1899 1287 1985 ἐπειδὴ

119 2029 171 2072 ουν
192 1999 284 2090 ιιμεῐς
303 2001 344 2079 οὐ
359 2009 474 2124 δεινοὶ,
497 2008 589 2074 δοκεῖ
605 2030 673 2091 μοι,
695 1994 735 2088 ἦν
750 2003 812 2073 δ’.
797 2005 870 2093 εγὼ,
894 2032 1051 2090 τοιαντιιν
1071 2002 1287 2088 ποιιισασθαι

118 2104 245 2190 ζήτησιν
263 2103 390 2188 αὐτοῦ,
420 2106 552 2198 οἵανπερ
579 2107 620 2177 ἂν
641 2136 668 2177 ει
664 2107 870 2200 προσέταξέ
891 2136 940 2189 τις
960 2107 1142 2201 γράμματα
1157 2106 1303 2202 σμικρα

119 2207 330 2332 noqqiqaic'n
311 2215 497 2298 αναγνῶναι
517 2209 670 2334 μήπάνυ
678 2205 747 2294 ὂξύ
766 2216 994 2299 βλέπονσιν,’
976 2210 1087 2282 επὲιτά
1102 2241 1151 2294 τις
1163 2211 1288 2296 ἑνινοη·

119 2339 180 2395 σεν,
212 2306 267 2380 ὅτι
295 2313 336 2382 ’τὰ
359 2313 445 2383 αὐτὰ
460 2316 646 2442 γιιαμματα
669 2317 717 2396 ἕςι
738 2341 803 2385 που
819 2323 880 2384 καὶ
902 2314 1031 2385 ἄλλοθι
1044 2320 1147 2405 μείζω
1176 2345 1210 2385 τε
1232 2323 1288 2385 και

118 2420 148 2484 ἐν
167 2420 302 2504 μείζονι
331 2422 467 2510 ἕρμαιον
488 2418 528 2487 σ’ὶι
551 2418 666 2514 ἑιμάνιι,
690 2413 793 2510 οἶμαι,
816 2421 920 2488 ἐκεῖνον
942 2423 1070 2512 πρῶτον
1085 2414 1289 2509 ἀναγνόντας

118 2513 214 2602 ον’τως
235 2525 421 2590 incoronata
444 2521 486 2590 τὰ
507 2521 640 2605 ἐλάττω,
670 2523 700 2592 εἰ
720 2523 767 2591 τὰ
783 2521 870 2592 αὐτοὶ
891 2522 972 2592 ὄντα
993 2522 1153 2614 τυγχάνει
1189 2521 1287 2594 Πάνιι

117 2632 170 2710 μὲν
191 2650 261 2707 σον,
284 2622 382 2720 ἔφηὸ
400 2623 633 2715 Ἀδείμαντος
657 2624 752 2694 σἰλλα
764 2629 795 2695 τί
818 2630 978 2710 τοιοῦτον,
1001 2617 1288 2721 ὦΣώκρατες,’ἕν
1320 2683 1324 2689 .

118 2730 152 2823 τῇ
172 2734 244 2820 περὶ
268 2727 305 2797 τὸ
325 2733 454 2799 δίκαιον
475 2728 602 2814 ζιιτήσει
626 2733 802 2824 καθορᾷςι
826 2728 916 2817 Ἐγώ
938 2755 1003 2814 σοι,
1024 2757 1117 2835 οιμην,
1140 2735 1214 2824 ἐρῶ.
1232 2735 1288 2800 δι-

118 2829 281 2916 καιοσύνη,
305 2843 425 2926 φαμὲν,
448 2836 496 2914 ἔςι
515 2844 555 2923 μὲ
559 2861 576 2902 ν
598 2831 753 2923 ἀνδρὸς
739 2833 818 2914 ινός,
843 2836 890 2914 ἔςι
913 2838 950 2902 δέ
969 2861 1033 2903 πον
1055 2842 1111 2902 καὶ
1134 2828 1212 2918 ὅλης
1226 2831 1288 2902 πό-

118 2941 207 3020 teon·
240 2933 340 3012 Πάνυ
368 2965 420 3026 γε,
451 2927 573 3020 ἦὸ’“
564 2931 645 3018 o'n-
650 2935 775 3006 Οὐκοῦν
801 2942 912 3028 μεῖζον
932 2935 1071 3017 πόλις
1055 2937 1126 3018 ινὸς
1149 2935 1288 3029 ἇνδρόςι

117 3041 294 3122 Μειζον,”
276 3067 374 3166 ειμι.-
371 3040 473 3122 -Ἵσιος
495 3045 603 3110 τοίνυν
624 3039 783 3109 πλείον’
761 3069 801 3108 αν
824 3039 1055 3124 ὁνκαιοσύνηέ
1055 3060 1139 3134 ’ντῳ
1124 3044 1297 3169 μείζονι·

117 3145 192 3226 ἐιιίιι
215 3150 271 3243 καὶ
289 3137 381 3236 ῥᾴων
402 3138 624 3265 καταμαθειν.
655 3142 686 3213 εἰ
705 3133 764 3212 οὖν
784 3142 969 3232 βουλεσθε,
995 3148 1125 3232 πρῶτον
1153 3149 1186 3214 ἐν
1206 3151 1288 3224 ταῖς

117 3243 226 3316 πόλισι
248 3245 455 3337 ζιιτιισοιμεν,
483 3247 580 3318 ποῖόν
602 3252 632 3317 τί
654 3253 736 3330 tgna,
765 3249 876 3328 ἔπειτα
904 3241 1007 3328 ον’τας
1027 3245 1288 3378 ἐπισκεψώμεθα

117 3357 168 3418 καὶ
195 3354 228 3419 ἐν
251 3355 297 3420 ἑνὶ
312 3349 477 3446 latigo
443 3379 502 3436 τιιν
524 3379 582 3422 τοο
568 3349 786 3441 μείζονος
770 3348 952 3476 ομοιότιιτα
973 3356 1007 3420 ἐν
1028 3356 1067 3449 τῇ
1083 3356 1149 3421 τοῦ
1155 3350 1289 3422 ἐλάττο-

116 3479 168 3534 νος
189 3452 301 3578 ἰδέειν
286 3459 543 3557 επισκοποῦντες.
578 3453 684 3525 ’Atta
705 3483 763 3543 μοι
785 3459 911 3540 δοκεῖς-ι
933 3457 1014 3550 ἔφη,
1033 3461 1152 3538 aalma
1172 3460 1287 3543 λέγειν

111 3544 178 3650 Αρ
203 3547 285 3642 οὖν,
301 3556 394 3642 ιινό
419 3559 489 3648 lya),
511 3559 542 3628 εἰ
560 3565 749 3647 γιγνομένην
765 3557 861 3627 πολιν
877 3561 1104 3648 θεασαιμεθα
1114 3557 1211 3653 loyor,
1232 3567 1288 3627 καὶ

117 3685 171 3744 τιιι
200 3659 414 3746 δικαιοσύνην
439 3661 540 3745 αὐτῆς
562 3662 730 3751 ἴὸοιμεν“
708 3689 749 3734 αν
769 3667 963 3784 γιγνομένην
982 3670 1039 3730 καὶ
1060 3661 1118 3746 τὴν
1139 3660 1288 3748 ἀδικίανι

118 3762 181 3855 τάχ
206 3764 272 3848 ἂν,
296 3795 315 3850 ιι
339 3760 441 3847 δός
493 3765 619 3836 Οοκοῦν
638 3772 819 3856 γενομένου
842 3763 953 3834 αὐτον
974 3769 1063 3845 ἐλπὶς
1084 3763 1289 3858 ιύποτέςερον

118 3866 236 3938 lists*
215 3899 234 3937 ο
257 3873 430 3958 ζιιτοιιμινς
460 3868 555 3940 Πολύ
584 3898 630 3958 γε.
676 3876 774 3940 Aones
792 3895 859 3938 ονν
866 3867 988 3962 χρῆναι
1010 3873 1212 3961 ἐπιχειρῆσαι
1233 3897 1289 3939 πο-

117 3976 253 4076 ραὶνεινς
284 3965 462 4063 σῖμαιμὲν
490 3973 554 4066 γὰρ
578 3971 640 4042 σῦκ’
662 3970 814 4061 ὀλίγον”
796 3999 892 4065 ιργσν
914 3971 997 4041 αοτὸ
1019 3965 1127 4041 εἶναι.
1139 3981 1288 4042 σκοπεῖτε

116 4077 182 4146 οὐν.
204 4079 367 4159 ἔσκεπται,
388 4079 454 4168 ἔφη
476 4074 494 4145 ὁ
512 4075 744 4163 Ἀδείμαντος,
757 4073 843 4145 ἄλλα
863 4073 910 4166 μὴ
931 4075 1038 4157 ἄλλως
1058 4080 1151 4148 ποίει.
1185 4079 1231 4146 Gt.
1252 4101 1286 4164 ιι.

117 4185 166 4249 77
187 4182 208 4249 l
233 4187 285 4249 21.
311 4183 361 4250 ed
384 4186 484 4253 Bella
506 4203 538 4269 p.
563 4187 636 4261 368,
662 4185 697 4248 C.
721 4181 771 4253 ed.
795 4187 840 4248 st.

204 4291 306 4354 calliaci
323 4291 430 4373 τινοιν,
449 4290 529 4372 quod
544 4289 799 4364 nativitatum,
822 4291 1021 4372 quaestionem
1033 4309 1124 4375 ιιισιιι
1137 4289 1289 4356 adiremus
