3334 5142
1048 428 1081 511 C
1215 432 1240 461 w
1350 432 1364 492 ‘i
1389 466 1397 481 ·
1427 415 1449 480 ν’

126 582 221 646 edam
248 580 300 645 hie
324 578 497 665 ‘praeeipna
525 575 607 643 ratio
628 572 795 649 haheatm,
824 580 863 641 nt
880 572 1072 643 vnlt',Sehler
1118 476 1171 583 H
1338 562 1371 596 '²'

125 686 247 749 elrhae
268 681 437 749 temeraria
455 682 578 746 ratiorie
598 678 758 746 Platonem
779 684 864 744 tanto
886 676 985 764 magis
1006 675 1179 762 prohibere
1195 677 1295 755 deber

123 785 191 852 hat.
236 790 315 852 llam
329 785 500 861 Platonem,
521 784 696 849 reverentia
711 781 869 869 opinionis
884 784 1076 848 inveteratae
1089 791 1291 859 commotum,

123 891 206 963 hane
226 889 268 957 de
288 897 424 974 quatuor
443 886 611 955 virtutihus
632 886 808 952 doctrinam
828 886 1002 969 recepisse,
1018 889 1088 973 quis
1109 888 1207 972 possit
1226 906 1300 951 ore-1

123 993 225 1061 deret
261 992 441 1059 Verendum
456 992 541 1057 enim
561 1012 625 1057 non
646 998 724 1066 erat,
745 1010 798 1067 ne,
822 992 850 1053 si
872 988 947 1076 quid
969 989 1002 1055 in
1023 992 1072 1055 his
1093 998 1237 1067 novaret,
1259 992 1294 1055 in

121 1098 210 1182 vulgi
232 1096 438 1163 offensionem
458 1082 644 1183 inemreret
678 1097 757 1158 Nam
765 1096 933 1159 ⁴resumam
947 1092 1177 1181 philosophiam
1194 1096 1294 1165 solnm

121 1201 349 1285 pertinentium
367 1200 461 1284 longe
481 1198 647 1265 aliaratie.
663 1204 823 1283 astatque
846 1218 972 1271 earum,
1003 1218 1082 1281 qnae
1104 1196 1142 1266 ad
1164 1197 1294 1285 religio-¹

121 1324 196 1370 nem
206 1304 377 1388 pertinent.
391 1342 415 1355 -
433 1308 498 1369 Nee
508 1310 595 1369 reete
607 1300 1119 1384 Schleiermaeherasrituperavit
1132 1300 1292 1371 Platonem

120 1411 154 1473 in
178 1428 230 1485 eo,
255 1411 341 1493 qnod
361 1409 473 1491 parum
494 1405 619 1473 diderat
638 1427 658 1470 a
677 1408 885 1492 temperantia
905 1404 1030 1471 iustitia.
1067 1404 1290 1497 Temperantia

120 1515 297 1577 seeimdum
317 1511 479 1577 Platonem
499 1518 548 1577 est
566 1512 594 1575 is
615 1508 711 1575 animi
731 1517 845 1584 statne,
868 1528 932 1595 quo
953 1507 1137 1592 cupiditates
1158 1509 1293 1579 rationis

120 1617 259 1702 imperio
283 1613 445 1680 subiectae
464 1620 538 1681 sunt
558 1606 652 1699 atque
672 1621 798 1697 parent·
839 1613 999 1690 Qunam
1027 1615 1061 1677 in
1086 1612 1190 1679 animo
1212 1616 1295 1679 ordo.

120 1730 154 1784 et
182 1718 392 1804 tranquillitas
419 1725 453 1783 et
477 1720 648 1784 macardia
674 1716 785 1795 oritur,
816 1718 851 1781 id
876 1716 1043 1803 adipsius
1064 1719 1291 1801 temperantiae

118 1822 301 1897 notionem,
330 1842 350 1886 a
378 1821 508 1909 reliquis
536 1818 705 1904 virtutihus
726 1819 993 1905 distinguendam,
1022 1840 1098 1887 sane
1117 1840 1182 1885 non
1203 1819 1289 1886 laeit.

118 1928 162 1991 m
188 1927 335 2009 protecto
362 1925 500 1990 institiae
525 1929 637 1991 eadem
667 1926 715 1989 vis
744 1933 803 1990 est.
848 1929 965 1989 Tamen
986 1923 1302 2007 vero,Sohleierma·›

119 2034 238 2105 cheros
258 2033 338 2095 hane
359 2050 430 2095 rem
448 2028 621 2112 praecipue
639 2030 795 2115 respersit,
817 2049 916 2114 quum
936 2030 979 2093 ita
1000 2027 1161 2093 Platonem
1182 2048 1293 2113 repre·

117 2132 285 2199 henderet.
326 2136 367 2198 At
398 2132 529 2199 multum
557 2130 705 2198 differunt
728 2134 942 2217 temperantia
970 2139 1002 2197 et
1026 2130 1158 2207 iustitia,
1188 2151 1292 2219 ,qaum

118 2236 248 2303 institia·
261 2242 373 2302 ornnes
390 2234 528 2321 reliquas
547 2238 682 2301 virtutes
698 2238 954 2319 comprehendat,
977 2254 1036 2301 nee
1055 2239 1103 2301 ad⁵
1115 2254 1209 2301 unam
1223 2246 1292 2301 tan-

15 2385 16 2422 3
118 2349 200 2406 tum-
225 2341 320 2406 animi
350 2347 473 2425 partem
501 2340 681 2425 praecipue·
701 2338 875 2425 pertineat,
914 2330 1123 2423 dereliquis—
1144 2327 1292 2403 virtutem

119 2442 216 2522 Quod
242 2443 269 2509 si
291 2446 339 2509 ita
365 2444 399 2507 in
426 2446 475 2508 his
497 2441 665 2507 erravisset
684 2443 794 2520 Plato,
831 2445 915 2514 eirea
936 2451 1030 2526 eaput
1050 2444 1100 2507 rei
1122 2444 1292 2507 erravisset

119 2570 161 2616 ex
188 2544 294 2613 mente
320 2546 618 2622 Sehleiermaeheri,
638 2553 679 2611 ‘et
700 2544 816 2612 frustra
836 2554 1017 2629 susceptum
1038 2544 1139 2611 videri
1159 2549 1293 2613 deberet

118 2660 224 2718 totum
250 2663 342 2735 opus
365 2652 620 2717 -'l³raeeedere
641 2657 748 2715 antem
768 2647 886 2717 debera
907 2650 1164 2733 temperantiam,
1192 2650 1228 2713 id
1249 2670 1297 2714 en⁴

118 2757 158 2820 iis
193 2775 275 2840 qnae
304 2749 398 2819 niodo
428 2754 565 2820 diximus
591 2760 705 2840 sponte
729 2762 869 2840 apparet.
911 2755 1035 2819 Falsum
1067 2759 1114 2819 est
1139 2753 1290 2817 etiamsi

118 2856 426 2925 Sehleiermaollerns
452 2856 517 2923 diei
536 2877 630 2941 posse
651 2864 753 2942 putat,
783 2858 934 2921 iustitiam
956 2876 1020 2921 non
1041 2856 1170 2940 reliquis
1192 2857 1289 2925 virtu·

117 2960 205 3033 tibus
227 2960 392 3039 omnihus,
415 2959 471 3026 sed
492 2962 552 3027 soli
572 2963 797 3044 temperantiae
818 2957 883 3027 nini
904 2980 992 3027 suam
1017 2958 1167 3029 tribuere.
1210 2962 1289 3025 Nam

119 3086 179 3131 our
198 3064 274 3132 huie
295 3064 375 3131 solit
418 3065 482 3129 Cur
503 3086 567 3130 non
587 3066 763 3151 sapientiae
779 3073 812 3129 et
828 3062 1018 3139 fortitudini,
1030 3067 1066 3137 si
1085 3062 1205 3129 iustitia
1218 3060 1287 3128 effi·

119 3174 164 3234 eit
191 3165 244 3235 nt'
259 3167 352 3237 duae¹
367 3170 548 3251 superiores
579 3170 676 3234 animi
707 3167 869 3233 faeirltates
892 3167 1055 3251 negotium
1081 3188 1173 3233 snum
1200 3174 1286 3233 recto

119 3270 258 3338 obeant?
300 3275 347 3338 Ita
366 3271 429 3337 iam
451 3276 609 3357 seqnitur,
637 3270 717 3338 nihil
747 3292 839 3348 esse,
869 3270 955 3358 qnod
984 3270 1290 3343 Sehleiermaeherus

118 3377 240 3441 iustitia
271 3383 304 3441 et
326 3375 538 3462 temperantia
565 3392 691 3441 omnem
723 3376 870 3440 virtutem
903 3374 1035 3440 civitatis
1062 3376 1287 3458 comprehendi

118 3486 219 3566 putat.
260 3480 379 3545 Verum
410 3486 459 3544 est
488 3467 616 3563 quidem
639 3479 832 3562 sapientiam
861 3485 892 3543 et
916 3474 1135 3544 tortitudinem
1164 3485 1287 3561 partem

120 3602 190 3649 esse
210 3583 363 3659 iustitiae,
391 3600 472 3667 qnae
501 3589 550 3647 est
573 3582 673 3648 virtus
694 3582 895 3657 universalis,
924 3584 980 3647 sed
1002 3584 1113 3647 eodem
1136 3585 1231 3648 modo
1253 3602 1288 3647 se

118 3708 171 3753 res
192 3684 291 3752 hahet
308 3706 380 3752 enm
400 3684 619 3769 temperantia,
637 3703 721 3772 ¹(pirae
742 3694 775 3751 et
794 3688 863 3772 ipsa
884 3684 1021 3751 iustitiae
1043 3705 1116 3770 pars
1139 3692 1218 3753 est«
1241 3688 1288 3751 Ex

120 3812 161 3856 eo
182 3799 286 3856 autem
308 3788 394 3877 qnod
416 3788 719 3855 Schleiermaeherns'
740 3797 859 3866 monet,
886 3790 980 3853 etiam
1002 3796 1226 3874 temperantem
1250 3808 1289 3854 ea

119 3894 227 3959 omnia
253 3896 442 3959 omissurum
472 3914 558 3969 esse,
595 3912 675 3977 quae
707 3892 898 3958 nonfacere
931 3894 1046 3958 iustum
1074 3892 1161 3957 Plato
1190 3894 1286 3967 dieat,

118 3998 197 4063 nihil
228 3996 344 4090 colligi!
363 4005 466 4081 potest
496 4006 604 4063 eontra
633 3995 830 4086 definitiones
851 3998 1002 4062 virtutum
1023 4017 1042 4060 a
1062 3994 1189 4060 Platone
1210 4015 1292 4082 pro--

118 4102 249 4189 positae.
293 4105 371 4168 Nam
391 4102 426 4167 in
446 4102 495 4168 his
515 4099 617 4167 solum
637 4100 670 4167 id
692 4101 830 4185 respexit
851 4100 955 4184 Plato,
971 4108 1024 4181 ⁵ut
1048 4097 1110 4164 lam
1132 4096 1284 4177 diximus,

119 4204 213 4291 quod.
235 4204 354 4273 Glauco
383 4214 415 4271 et
443 4203 625 4271 Adimantus
651 4205 742 4276 initio
770 4202 901 4272 secundi
931 4202 1004 4269 libri
1032 4201 1283 4279 affirmaverant,

119 4309 215 4376 etiam
236 4310 364 4386 iustum,
386 4314 496 4395 parata
514 4308 667 4395 peeeandi
685 4307 825 4389 lieentia,
847 4310 958 4373 eadem
979 4306 1084 4375 omnia
1105 4305 1288 4373 connisus
