3334 5142
853 411 1085 478 ..soe-

374 570 590 655 retieremque
600 581 807 636 'numerorum
821 569 1033 654 οοςσίίίοσοττ
1048 569 1258 638 accenderet?
1278 573 1358 637 Nam
1371 577 1408 638 ut
1421 579 1563 648 taceare,

373 676 460 758 quod
486 676 706 739 mathematice
725 672 829 739 studia
850 677 925 740 satis
949 673 1012 739 iem
1041 677 1319 742 commendaverat
1343 673 1568 761 philosophus

374 772 458 843 titre
475 764 549 855 tut,
573 800 606 862 p,
620 782 707 853 522‚'
723 783 757 843 u.
775 797 864 864 ¹sqq.;
892 781 980 863 quod
1005 777 1168 863 iudignum
1183 777 1274 845 ‚soret
1298 779 1499 866 philosopho
1530 789 1562 845 et

372 884 614 965 reigrevitete,
642 881 669 947 ei
697 879 777 947 nihil
797 880 916 947 serium
944 884 993 946 his
1018 879 1148 952 subesse
1173 890 1343 959 statuatur,
1374 887 1481 968 quotl-
1496 893 1566 950 tum

372 988 453 1050 haee
474 1005 527 1051 res
547 985 647 1070 magis
670 989 833 1050 deterrere
859 985 1286 1071 potuissetematuematieis
1307 987 1438 1063 studiis,
1464 1008 1566 1074 quam

372 1087 517 1165 allicere3
544 1109 639 1155 emus
662 1089 838 1155 Burmanni
862 1096 1073 1174 commentum
1098 1088 1252 1157 refellitur
1277 1110 1343 1156 uuo
1367 1089 1561 1157 Aristotelis

371 1194 566 1271 testimonio,
588 1194 643 1280 qui
662 1195 727 1261 duo
742 1195 803 1259 uec
823 1191 894 1258 Ιοτο
915 1191 1048 1259 iudicatu
1072 1191 1254 1259 esse'doeet
1266 1201 1422 1268 ,ὀοοεσιιι
1444 1198 1563 1262 interi-

372 1303 422 1362 tus
452 1291 588 1362 civitatis
609 1294 768 1383 perfectae
796 1303 829 1361 et
860 1307 989 1380 temperer
1021 1303 1053 1362 et
1077 1299 1141 1363 hoe
1165 1306 1228 1374 est,
1257 1299 1297 1364 ed
1321 1301 1410 1383 qued
1436 1299 1473 1364 in
1504 1321 1563 1366 ex-

372 1399 519 1484 plicando
540 1418 675 1467 numero
696 1409 768 1466 aute
793 1400 898 1466 omnia
918 1403 1141 1466 attendendum
1155 1403 1291 1468 ridetur.
1316 1400 1364 1466 Cf.
1382 1403 1557 1470 Aristotel.

371 1505 438 1589 pol,
453 1503 510 1570 lib.
526 1509 567 1576 V.
579 1525 606 1570 ο.
620 1507 682 1581 Χ.,
698 1505 762 1570 rol.
779 1505 819 1568 11.
833 1523 866 1589 p.
885 1507 975 1570 1316.
991 1507 1043 1569 ed.
1058 1508 1156 1572 Bekk.
1195 1501 1257 1572 Ἕν
1278 1507 1313 1572 δὲ
1336 1507 1375 1598 τῇ
1398 1509 1556 1598 πολιτείᾳ

372 1597 499 1693 λέγεται
520 1615 580 1695 μὲν
600 1613 672 1698 περὶ
695 1609 758 1676 τῶν
777 1607 969 1692 μεταβολῶν
989 1603 1064 1674 ὑπὸ,
1077 1610 1137 1675 τοῦ
1158 1603 1384 1696 Σωκράτους,
1412 1605 1453 1684 οὐ
1477 1614 1557 1696 μὲν-

371 1709 430 1782 τοί
450 1714 585 1798 λέγεται·
606 1713 722 1790 καλῶς·
752 1712 810 1792 τῆς
839 1734 873 1776 τε
899 1706 963 1799 γάρ
990 1707 1105 1800 άρίςης
1136 1712 1302 1791 πολιτείας
1324 1717 1386 1779 ’καὶ
1418 1709 1557 1804 πρώτης

370 1811 472 1934 οὔσης
494 1810 533 1881 οὐ
554 1817 639 1901 λέγει
660 1811 720 1896 τὴν
739 1809 926 1940 μεταβολὴν
947 1810 992 1892 ἰὸί
979 1839 1045 1892 ι.ως
1084 1810 1227 1897 Φησὶ
1189 1841 1254 1906 γορ
1276 1817 1385 1888 αἴτιον
1409 1806 1502 1883 εἶναι
1520 1814 1557 1882 τὸ

370 1912 417 2006 μὴ
432 1921 539 2006 μένειν
558 1921 690 2006 μηθὲν,
718 1911 834 1984 ἀλλ’
817 1941 852 1984 ιν
873 1921 936 1984 τινὶ
957 1913 1099 2010 περιόδῳ
1126 1914 1362 2005 μεταβάλλειν,
1392 1915 1557 2010 ἇρχὴνδ

371 2023 456 2088 εἰναι
477 2015 616 2102 τούτων,
648 2011 692 2088 ὧν
713 2021 875 2112 ἐπίτριτος
896 2017 1051 2108 πυθμὴν
1068 2013 1213 2109 πεμπάδι
1235 2025 1384 2109 συζυγεὶς
1407 2019 1520 2090 δύο
1497 2051 1559 2115 αρ-

369 2125 486 2212 μονίας
514 2127 706 2211 παρέχεται,
736 2127 852 2209 λέγων,
879 2115 960 2198 ὅταν
989 2118 1092 2191 οτοῦ
1113 2120 1368 2215 διαγράμματος
1393 2121 1555 2217 ἀριθμὸς

374 2222 494 2296 τούτου
514 2231 646 2351 γένηται
669 2224 795 2317 ςεριός,
825 2223 868 2304 ὥς
889 2228 947 2309 τῆς
969 2221 1098 2344 φύσεώς
1125 2250 1204 2300 ποτε
1226 2251 1376 2350 φυοροης
1400 2225 1558 2322 φαύλους
1625 2319 1626 2322 ¹

370 2336 426 2398 καὶ
452 2332 618 2421 κρείττους
646 2332 704 2412 τῆς
733 2331 892 2408 παιδείας.
927 2355 1025 2398 τουτο
1052 2338 1112 2420 μὲν
1141 2317 1200 2398 οὖν
1228 2328 1312 2399 αὐτὸ
1344 2335 1494 2418 λέγων”
1474 2357 1554 2412 ιοως
1625 2329 1626 2364 λ

370 2432 408 2502 οὐ
431 2437 546 2513 κακῶς
567 2437 726 2522 ἐνδέχεται
748 2431 815 2525 γάρ
834 2425 918 2502 εἶναί
939 2458 1046 2515 τινας,
1075 2428 1133 2513 οδς
1154 2437 1403 2518 παιδευθῆναι
1418 2442 1479 2504 και
1503 2463 1556 2524 γε·
1625 2519 1626 2522 η

368 2543 495 2608 vieriae
506 2533 837 2627 σπουδαίουςάνδρας
846 2534 1017 2606 άδάνατον·
1029 2533 1146 2604 ἄλλ’
1112 2529 1195 2620 αάτη
1207 2564 1238 2605 τι
1233 2535 1427 2619 δνῖδιος’
1391 2565 1442 2622 ειη
1447 2565 1556 2627 μετα-

369 2640 453 2731 βολὴ
464 2644 519 2726 τῆς
529 2638 579 2711 ὑπ’
584 2642 708 2710 ἐκείνου
717 2646 890 2730 λεγομένης
903 2637 1017 2731 άρίςης
1028 2641 1194 2719 πολιτείας
1201 2641 1330 2727 μάλλον
1339 2637 1360 2723 ἢ
1369 2637 1553 2712 τίν”νάλλων

369 2747 625 2815 πασῶνιιαὶτῶυ
636 2748 831 2832 γιγνομένων
846 2741 992 2827 πάντωυς
1013 2738 1150 2811 Καιδια
1166 2745 1270 2812 τετοῦ
1284 2739 1427 2834 χρόνον,
1451 2740 1553 2813 διδν

369 2855 454 2938 λέγει
467 2845 576 2918 πάντα
588 2844 822 2938 μεταβάλλειν,
837 2855 893 2916 καὶ
908 2845 950 2915 τά
960 2845 1005 2931 μὴ
1020 2839 1092 2934 άμα
1104 2842 1278 2976 ἀρξάμενα
1284 2845 1495 2958 γίγνεσθρ
1481 2841 1552 2972 ρι’μα

367 2949 575 3044 μεταβάλλει·
598 2979 618 3019 ο
619 2946 669 3020 ἴον
689 2977 717 3019 ει
740 2953 780 3046 τῇ
802 2955 948 3043 προτέρᾳ
971 2947 1077 3043 ἡμέρα
1098 2953 1222 3038 ιγὲνετο
1237 2952 1295 3033 τῆς
1311 2941 1451 3041 τροπῆς,
1476 2945 1547 3039 άμα

367 3055 435 3149 ἄρα
455 3052 665 3146 μεταβάλλει
712 3060 788 3152 Nem
806 3077 933 3121 eausam
957 3055 1167 3128 universalem
1188 3055 1331 3123 interitus
1357 3057 1548 3124 Aristoteles

368 3164 540 3228 secuudum
561 3160 723 3228 Platonem
746 3146 817 3226 eum
845 3181 913 3226 esse
938 3159 1027 3237 dicit,
1050 3163 1135 3246 quod
1160 3159 1237 3226 nihil
1259 3167 1394 3226 maneat.
1450 3164 1540 3243 Φησὶ

367 3262 433 3355 γάρ
454 3266 562 3332 αἴτιον
579 3254 667 3356 εἶναι
695 3260 734 3329 τὸ
754 3261 801 3350 μὴ
823 3267 936 3349 ’μένειν
956 3267 1085 3351 μηδὲν,
1116 3288 1144 3332 ιι.
1174 3287 1201 3331 τ.
1223 3265 1247 3331 ἑ.
1269 3267 1309 3329 ολ)
1333 3285 1371 3330 οε
1387 3268 1544 3350 ,pendere

367 3370 508 3445 alteram,
534 3390 561 3433 ι.
583 3370 763 3452 speciales,⁸
780 3387 862 3452 ques
888 3366 1024 3436 indicate
1038 3375 1092 3433 est
1117 3368 1240 3433 verbis:
1270 3363 1375 3456 ἀρχὴν
1402 3363 1435 3434 δ’
1461 3359 1547 3436 εἶναι

367 3468 508 3553 τούτων,
529 3470 821 3559 (δοείςολλίοολὶοσε
841 3468 988 3538 vocabuli
1006 3465 1090 3559 ἀργὴ
1112 3471 1159 3536 Cf.
1175 3471 1335 3537 Aristotel.
1352 3478 1429 3538 met.
1446 3473 1484 3549 1,
1502 3471 1543 3556 3.)

367 3568 411 3646 ὧν
432 3577 594 3664 ἐπίτριτος
614 3572 755 3662 πυθμὴν
772 3572 916 3662 πεμπάδι
932 3576 1076 3660 συζυγεὶς
1090 3569 1150 3641 δύο
1170 3570 1329 3662 ἁρμονίας
1349 3578 1547 3668 παρέχεται,

368 3685 509 3769 λέγων,
540 3672 642 3747 ὅταν
671 3674 691 3745 ὁ
719 3679 794 3746 τοῦ
819 3673 1146 3768 διαγράμματος
1179 3673 1368 3766 άριδμὸς
1393 3674 1546 3764 τοάτρο

367 3789 552 3872 γένηται
564 3778 746 3872 στερεὸς,
769 3801 906 3867 quorum
920 3777 1103 3857 verborum,
1126 3791 1208 3868 quae
1220 3772 1457 3873 Δυἰλληγοριιιῶς
1472 3805 1547 3869 pro-

368 3887 420 3954 cul
439 3886 537 3955 dubio
558 3888 659 3971 recipi
673 3888 805 3968 dehent,
831 3886 984 3952 sententia
1003 3883 1177 3972 explicatur
1188 3884 1229 3950 iis
1250 3906 1333 3970 quae
1348 3894 1542 3972 sequuntur,

368 3989 490 4074 ὡςτῆς
511 3987 640 4083 φύσεώς
660 4013 739 4056 ποτε
760 3985 910 4079 φυούσης
931 3984 1082 4082 φαύλους
1110 3993 1166 4056 καὶ
1187 3989 1433 4079 ’κρείττουςτῆς
1464 4015 1543 4058 ποι-

367 4097 467 4175 δείας.
512 4097 637 4181 Τειομοι
652 4095 797 4162 interitus
806 4095 964 4160 indicatur
977 4092 1083 4160 verbis
1104 4096 1174 4159 καὶ
1186 4087 1265 4158 ’διά
1291 4093 1427 4181 τετοῦ
1444 4089 1540 4184 γρό-
1588 4165 1602 4188 ⁸

366 4224 436 4270 νου
457 4225 486 4268 κ.
506 4225 534 4267 τ.
557 4200 581 4267 ἕ.
622 4203 663 4266 Et
683 4206 769 4265 reete
789 4196 930 4265 Friesius
944 4195 967 4262 l.
983 4196 1005 4267 l.
1019 4218 1051 4280 p.
1066 4197 1137 4264 379.
1152 4197 1225 4264 Wir
1239 4202 1364 4262 mitsseu
1388 4195 1538 4262 zweiteus

366 4312 586 4374 roraussetren
606 4302 771 4392 [wogegeu
792 4301 969 4381 Schneider
985 4307 1163 4374 τοεελοεεοο
1183 4298 1245 4388 hat)
1261 4302 1331 4370 dass
1345 4299 1457 4374 elaten
1472 4303 1540 4370 sich
