3334 5142
836 438 885 471 --
920 404 969 487 ιιι
1005 440 1059 477 -„-.·,

361 569 401 633 de
426 564 506 636 cibis
520 520 671 653 *loquitar
700 564 755 652 qni
780 564 843 635 star
863 565 930 655 apli
950 556 1120 649 ἀθληταῖς
1147 564 1209 635 τοῦ
1233 558 1530 659 μιμίςοιιᾶμῶνος.

361 672 432 735 Non
458 668 627 735 convenire
655 669 694 735 iis
721 667 863 737 habitum
892 691 1022 758 eorum,
1053 670 1108 757 qui
1134 674 1174 737 ad
1202 667 1293 737 ludos
1315 668 1475 755 gymnicos
1496 688 1532 735 aa

359 779 594 869 praepararent.
637 776 699 839 Eos
721 773 803 839 euim
825 795 894 855 esse
914 794 1026 865 somno
1041 774 1161 851 deditos
1176 780 1207 839 et
1221 772 1377 861 proclives
1390 776 1431 839 ed
1447 792 1533 837 mor-

359 875 430 945 bos.
474 875 737 944 Exercitationem
759 877 858 962 igitur
874 877 1019 971 virorum
1040 875 1279 969 bellicosorum,
1302 880 1372 955 τοῖς
1395 879 1531 963 πολεμι-

359 986 429 1059 κοῖς
440 974 633 1068 ἀθληταῖς,
647 982 909 1067 praestantiorem
931 979 1046 1050 debere
1068 1002 1147 1054 esse,
1164 1001 1250 1069 quos
1272 989 1428 1067 tanquam
1438 999 1533 1045 oaues

361 1084 523 1178 vigilantes
536 1104 606 1150 esse
616 1085 802 1160 necassent
821 1095 855 1153 et
864 1103 959 1173 quam
969 1105 1126 1157 acerrume
1135 1084 1244 1151 videre
1255 1082 1483 1176 atqueaudue
1500 1090 1533 1147 'et

359 1188 393 1255 iu
414 1162 714 1274 expeditionibus,
698 1214 732 1255 ιν
752 1194 826 1266 ταῖς
847 1188 1045 1279 στρατείαις,
1065 1201 1176 1257 omnes
1195 1163 1422 1261 vicissitudines
1436 1207 1534 1273 aqua-

360 1312 431 1359 rum
451 1291 709 1391 reliquorumque
730 1292 890 1377 ciborum,
918 1292 1032 1361 caloris
1055 1291 1235 1379 etelrigoris
1256 1290 1347 1358 laoile
1369 1289 1532 1379 perferre,

361 1395 428 1462 sine
449 1395 513 1474 ιιιΙο
536 1382 728 1468 valetudines
742 1396 896 1515 periculo.
939 1396 1095 1487 Optimam
1119 1397 1215 1483 igitur
1237 1395 1460 1481 gymnasticam
1481 1416 1535 1463 so·

360 1518 467 1590 rorem
487 1519 558 1568 esse
572 1502 691 1566 debere
705 1500 860 1598 musicae,
879 1521 974 1589 quam
988 1508 1078 1571 antea
1091 1498 1309 1585 descripserit
1336 1486 1538 1589 simplicem

359 1603 444 1689 enim
464 1609 497 1667 et
517 1585 753 1672 convenientem
774 1590 844 1671 esse
865 1603 982 1671 debere
1004 1604 1238 1693 gymnasticam
1248 1622 1358 1671 eorum
1379 1605 1438 1687 qni·
1441 1622 1535 1687 proe-

354 1716 542 1791 pororcater
566 1708 606 1771 od
633 1692 749 1773 tedam.
794 1707 872 1773 Et'
862 1730 895 1775 ιιι
919 1712 979 1773 hac
994 1707 1134 1794 quidem
1160 1726 1197 1778 rc
1219 1710 1361 1773 Homero
1382 1704 1534 1791 magistro

286 1835 296 1873 ι
360 1815 470 1899 utitur,
484 1813 546 1899 qni
566 1810 600 1876 in
621 1787 876 1900 expeditionibus
900 1818 931 1877 et
951 1812 1053 1897 epulis
1070 1812 1185 1877 herbas
1207 1830 1271 1878 nou
1290 1806 1434 1897 piscibus
1449 1808 1537 1897 uesci

360 1914 450 2004 solit,
472 1934 531 2007 uec
551 1914 750 1991 elixacaroe
771 1913 828 1983 sed
850 1936 935 1992 assa,
959 1935 1040 2001 quae
1046 1914 1210 1999 facillime
1232 1920 1345 2002 paratu
1366 1916 1407 1983 sit
1427 1911 1536 1985 militi-

208 2011 220 2042 ⁰
312 2043 315 2054 ¹
362 2017 441 2086 bns,
478 2019 585 2106 Neque
598 2005 837 2105 ¹vcro'uuquam
851 2014 1048 2109 ἡδυσμάτων
1061 2018 1242 2097 meminisse
1255 2019 1442 2095 Homerum,
1467 2017 1537 2103 qui-

360 2121 420 2189 bns
441 2122 535 2189 etiam
554 2120 671 2209 reliqui
693 2118 834 2203 ἀσκηταὶ
857 2142 965 2189 omnes
980 2121 1168 2199 abstineant,
1192 2123 1246 2210 qui
1258 2116 1386 2209 quidem
1397 2140 1535 2203 corpore

359 2224 443 2295 bene
464 2247 498 2293 se
519 2223 638 2291 habere
660 2225 769 2301 velint,
813 2230 1039 2315 Syracusanam
1061 2226 1159 2311 igitur
1179 2245 1319 2315 mensam
1341 2231 1374 2289 et
1394 2220 1536 2295 Sicilien-

364 2350 432 2395 sem
453 2329 637 2395 varietatem
659 2330 884 2412 opsoniorum,
918 2327 945 2395 si
965 2333 1044 2399 haec
1064 2337 1151 2395 recte
1172 2349 1206 2395 se
1228 2326 1379 2405 babeant,
1412 2328 1536 2415 vitupe-

360 2432 490 2512 randam
512 2452 593 2499 esse.
636 2431 938 2520 Reprehendendum
961 2452 1064 2520 porro.
1082 2432 1276 2499 Corinthiam
1298 2432 1435 2518 puellam
1457 2434 1534 2497 ami·

361 2525 439 2613 cam¹
451 2536 620 2612 esaeviris
642 2536 698 2621 qai
719 2556 859 2622 corpore,
876 2534 957 2603 bene
978 2558 1012 2603 sc
1033 2522 1149 2603 babere
1171 2533 1291 2619 velint,
1310 2544 1342 2602 ot
1358 2525 1536 2603 Άιιιιιιιιιιιι

361 2636 568 2729 bellariorum
589 2634 754 2738 delicias.»
780 2638 833 2716 Cf,
847 2660 878 2727 p,
901 2635 975 2723 b03,
998 2644 1037 2710 n.
1055 2676 1107 2730 .··1
1123 2640 1194 2715 ιιι,
1217 2644 1266 2705 E„
1279 2641 1322 2707 St.
1364 2638 1459 2707 Vides
1477 2639 1538 2725 igi-

362 2738 415 2811 tur
436 2750 600 2811 Socratem
621 2762 790 2809 removere
812 2766 831 2808 a
852 2742 1005 2811 militibus
1026 2744 1131 2811 omnia
1146 2764 1192 2819 ea,
1215 2746 1296 2830 quae
1310 2764 1407 2826 supra
1420 2746 1536 2829 pilli,

362 2849 396 2918 C.
423 2869 500 2934 sqq,
524 2848 558 2912 iu
585 2848 743 2913 civitatem
769 2846 978 2927 intromittere
1003 2834 1092 2935 velle
1106 2846 1284 2915 videbatur.
1304 2880 1346 2893 -
1367 2849 1538 2933 Comparat

360 2950 475 3017 deinde
498 2950 653 3017 eiusmodi
674 2948 780 3017 cibum
802 2952 983 3038 uictumque
1002 2952 1044 3045 τῇ
1064 2954 1240 3041 μελοποιίᾳ
1265 2974 1298 3017 τι
1324 2948 1378 3016 καὶ
1406 2946 1475 3044 μιῇ
1493 2951 1538 3045 τῇ

361 3057 395 3122 ἐν
416 3055 462 3146 τῷ
476 3054 698 3146 ,παναρμονίῳ
723 3059 779 3120 και
804 3056 841 3120 ἐν
862 3055 945 3121 πᾶσι
972 3053 1121 3147 ῥυθμοῖς
1145 3059 1351 3149 πεποιημένῃ.
1395 3056 1537 3141 Varieta-

361 3167 425 3227 tem
445 3158 510 3223 illic
530 3153 714 3246 ἀκολασίαν
734 3158 875 3244 gignere,
897 3160 948 3223 hic
968 3162 1113 3235 morbos,
1126 3158 1365 3245 simplicitatem
1386 3180 1465 3227 vero
1488 3180 1539 3226 se-

362 3261 499 3330 cuudum
514 3264 665 3332 musicam
678 3263 711 3329 iu
724 3260 838 3336 ιιιιιιιιιι
852 3262 1102 3349 temperantiam,
1116 3268 1297 3332 secuudum
1313 3266 1538 3353 gymnastieam

360 3366 395 3433 in
414 3358 603 3450 corporibus
623 3364 843 3487 ³vaaletudiarcm.
882 3360 1144 3445 ’Λκιιιαινιαςδὲ
1159 3362 1337 3435 καινόσων
1361 3370 1538 3450 olebano*

362 3470 427 3537 σῶν
447 3470 481 3537 ἐν
501 3464 598 3537 πόλει
616 3456 672 3559 ἆρ
690 3492 728 3535 oo
750 3462 949 3559 δικαστήριά
973 3494 1016 3539 τι
1018 3474 1093 3537 καὶ
1090 3464 1247 3560 ιατρεῖα
1239 3466 1379 3540 πολια’
1360 3472 1537 3557 acciperat,

361 3598 416 3640 και
406 3568 579 3660 tanecel
602 3597 634 3639 τι
651 3579 711 3649 καὶ
732 3568 863 3658 ἰατρικὴ
878 3568 1100 3661 capricornus,
1124 3564 1205 3641 α’ταν
1226 3564 1266 3655 δὴ
1284 3580 1343 3643 καὶ
1365 3570 1538 3660 ἐλεύθεροι

361 3681 477 3751 πολλοὶ
497 3681 553 3743 και
576 3672 716 3768 σφόδρα
729 3682 802 3764 περὶ
824 3671 911 3743 αὐτὰ
931 3672 1180 3758 σπονὸαζωσινς
1208 3672 1300 3744 Tc
1262 3704 1327 3764 γαρ
1346 3672 1385 3745 οὐ
1403 3680 1538 3762 μέλλεις

362 3784 398 3850 ld
418 3788 525 3848 autem
545 3800 614 3845 esse
634 3782 791 3846 summum
812 3766 1026 3859 testimouium
1047 3780 1148 3847 malae
1169 3786 1201 3845 et
1223 3780 1322 3869 turpis
1344 3780 1538 3859 eduoafioais

361 3884 395 3950 in
416 3882 552 3960 civitate,
576 3903 671 3969 egere
692 3885 889 3951 medicorum
911 3892 942 3949 et
963 3884 1102 3961 iudicum
1123 3880 1247 3971 ἄκραν,
1272 3892 1304 3955 et
1323 3872 1397 3977 iusti
1419 3885 1539 3951 extrin-

342 4008 456 4055 ¹secus
477 3987 569 4064 illati,
601 3987 709 4073 inopia
729 3986 864 4073 proprii
909 3988 1046 4073 Turpius
1068 3988 1161 4053 etiam
1183 4006 1254 4058 csse
1275 3987 1452 4056 iniudiciis
1474 3992 1536 4055 cir·

364 4093 503 4177 ramagi,
527 4099 559 4156 et
579 4090 864 4177 glorieripropter
882 4090 1059 4171 facultatem
1071 4091 1185 4159 iniuste
1198 4090 1321 4175 agendi,
1343 4092 1419 4158 ιιιιιιι
1431 4090 1540 4159 obno-

361 4196 450 4262 xium
471 4210 611 4278 poenae,
634 4195 833 4279 ignorantem
855 4203 971 4279 quanto
994 4185 1134 4280 pulcrius
1155 4198 1278 4264 sitnon
1300 4216 1396 4281 egere
1414 4186 1536 4265 dormi-e

362 4295 455 4365 tantis
482 4297 608 4366 indicis.
652 4300 754 4378 Quem
778 4297 884 4370 locum
911 4298 939 4365 si
966 4320 1038 4367 cum
1058 4298 1166 4385 priore
1186 4298 1243 4386 qni
1263 4298 1378 4385 legitur
1397 4320 1430 4387 p.
1450 4303 1535 4383 saar,
