3334 5142
590 372 735 436 -129
777 405 817 420 ·-

121 532 237 629 utilas
256 533 477 621 disputatione,
500 531 635 603 iustitiae
654 529 868 616 qaaestionem
887 549 951 595 non
972 524 1120 605 absolvi·
1117 529 1183 596 sed
1196 526 1285 595 iusti·

120 638 184 703 tiae
217 632 416 730 ὑπογραφὴν
441 638 629 723 quandam
619 656 652 701 ιο
676 655 718 719 ea
742 632 817 712 niti3
851 633 985 721 denique
1009 637 1069 700 hac
1095 628 1237 701 iustitiae
1252 632 1287 701 in

121 740 248 807 civitate
264 740 469 825 indagandae
478 740 599 806 ratione
620 758 689 805 rem
707 738 808 826 ipsam
828 760 893 805 nou
918 739 992 805 satis
1011 738 1170 813 illustrari,
1192 758 1286 826 quam

120 852 227 913 λοιπον
247 843 292 909 ita
308 844 438 912 lacrima·
448 862 589 929 conspici
606 862 699 927 posse
719 852 812 908 antea
832 841 1055 911 declaraverat.
1101 840 1146 909 Cf.
1168 840 1223 909 lib.
1244 844 1285 906 Π.

120 968 152 1032 p.
175 951 249 1014 369.
272 946 324 1013 ed.
349 952 394 1019 St.
437 948 521 1025 Quid
543 969 583 1011 ex
603 949 652 1010 his
674 945 818 1013 omnibus
837 956 922 1014 recte
939 946 1098 1033 pensitatis
1120 951 1160 1016 de
1179 946 1287 1031 operis

120 1060 326 1136 argumento,
343 1037 448 1137 atque
471 1050 532 1120 fine
547 1122 549 1128 ,
566 1057 729 1137 sequatur,
753 1050 866 1135 'lector
897 1050 1071 1137 intelligens
1092 1050 1171 1136 ¹ipse
1203 1050 1286 1118 iudi-

120 1162 183 1221 cet.
222 1157 310 1233 Quae
330 1158 413 1222 enim
434 1165 506 1221 sunt
523 1158 560 1221 ai
581 1154 643 1219 τῶν
664 1153 855 1240 ἔμπροσθεν
875 1157 1113 1244 προειρημένων
1134 1149 1289 1242 ἑπόμεναι

121 1253 310 1340 ἀποδείξεις,
332 1258 447 1345 quibam
466 1260 581 1325 lactum
601 1264 668 1340 est,
690 1264 727 1342 ut
742 1244 823 1342 quae
845 1262 884 1325 de
903 1256 1040 1325 iustitiae
1062 1260 1095 1324 vi
1116 1278 1153 1323 ac
1173 1267 1287 1327 natura

120 1360 306 1431 dicebantur
333 1363 449 1444 ἐλλιπῆ
476 1370 581 1427 essent
607 1360 671 1448 τῆςΙ
692 1356 862 1449 ἀκριβείας
879 1369 916 1427 et
937 1357 1034 1443 ἀτελῆ
1041 1366 1056 1427 i
1100 1364 1188 1441 Quae
1217 1368 1289 1429 sunt

119 1468 283 1551 μέθοθοι,
316 1465 429 1551 quibus
460 1485 546 1538 nunc
570 1467 603 1529 in
630 1462 827 1531 sermonibus
854 1467 968 1541 utitur,
1000 1464 1116 1551 quihus
1143 1472 1289 1532 accurate

119 1570 200 1645 haec
229 1568 298 1655 ipsa
330 1588 470 1638 resnou
498 1566 722 1654 explicabitur,
738 1620 744 1645 2
758 1590 817 1633 nec
847 1569 1024 1635 invenietur
1039 1562 1123 1656 ,ipsa
1149 1569 1285 1647 lautitia,

120 1682 350 1739 consentaneae
374 1680 478 1737 tamen
499 1680 590 1737 antea
604 1671 695 1739 dietis
717 1680 749 1737 et
772 1671 942 1758 quaesitis?
986 1675 1064 1739 Sunt
1084 1682 1286 1759 argumenta,

120 1782 194 1841 sunt
216 1778 372 1859 μέθοδον,
386 1778 538 1849 sermoni
558 1774 611 1861 qui
634 1780 676 1841 dc
698 1774 972 1845 civitatehabitus
997 1783 1045 1842 est
1069 1796 1218 1863 congrua.

206 1881 284 1945 Tres
305 1881 400 1963 igitur
419 1867 530 1979 adesse
545 1878 647 1945 animi
659 1878 823 1945 facultates
842 1879 875 1945 in
892 1878 974 1945 hunc
994 1878 1124 1947 modum
1141 1877 1290 1965 probarit

121 1986 288 2048 Socrates:
305 1970 377 2101 Ἆρ’
401 1970 460 2049 οὖν
481 1978 571 2068 ἡμῖν,
601 1968 694 2063 ἦνὸ’
718 1978 800 2068 ἐγὼ,
826 1979 972 2064 πολλη’
953 1980 1077 2070 αναγκη
1100 1980 1287 2069 ὁμολογεῖν,

121 2077 173 2151 ὅτι
187 2110 234 2171 ys
253 2082 296 2152 τὰ
316 2081 402 2152 αὐτὰ
423 2080 601 2176 isiariotae
623 2084 744 2153 ἔνεστιν
766 2080 854 2171 ἡμῶν
876 2088 944 2168 εἴδη
966 2111 1000 2153 τε
1021 2093 1076 2155 καὶ
1096 2084 1183 2170 ἤθη,
1204 2079 1287 2187 α’περ

121 2190 154 2254 ἐν
176 2214 216 2283 τη
200 2184 345 2272 πόλεις
374 2184 415 2255 οὐ
433 2184 498 2277 γᾴρ
519 2212 585 2254 που
606 2184 792 2255 ἄλλοθεν
776 2193 875 2255 ικεῑσε
897 2184 1050 2279 ἀφῖκται.
1056 2194 1201 2286 γελοῖον
1221 2188 1286 2314 γὰρ

121 2288 162 2358 du
185 2294 243 2373 εἴη,
266 2293 300 2358 εἴ
314 2315 364 2370 τις
385 2287 518 2372 οἰηθείη
540 2288 579 2357 τὸ
599 2275 840 2419 θυμοειδὲς)
793 2320 840 2380 μη
862 2292 896 2359 ἑκ
917 2294 981 2359 τῶν
1003 2290 1176 2361 ιὸιωτῶν
1160 2319 1193 2361 ιν
1210 2298 1289 2373 ταῖς

119 2388 236 2461 πόλεσι
256 2399 438 2481 γεγονέναι,
460 2393 492 2461 ολ
491 2390 554 2475 δὴ
575 2398 630 2461 καὶ
651 2394 761 2482 ἔχονοι
783 2392 904 2477 ταύτην
925 2393 983 2477 τὴν
1004 2393 1130 2476 αἰτίαν,
1160 2391 1231 2465 οἷον
1258 2401 1292 2464 οἱ

120 2487 208 2564 κατὰ
234 2496 294 2580 τὴν
319 2493 451 2620 θρρικην
479 2522 512 2565 τε
540 2503 597 2565 καὶ
627 2495 809 2581 Σκιθικην
837 2504 891 2565 καὶ
921 2495 1035 2587 σχεδόν
1063 2527 1093 2569 τι
1123 2526 1211 2568 κατα
1231 2496 1290 2569 τὸν

119 2598 188 2667 ἅνω
212 2598 331 2682 τόπον,
351 2598 433 2683 ητὸ
454 2597 697 2724 φιλομαθέφζ
685 2628 704 2667 ο
699 2596 766 2683 δη
755 2608 860 2691 ηπερλ
882 2599 938 2669 τὸν
959 2600 1034 2693 παρ’
1059 2599 1149 2693 ἡμῖν
1155 2598 1289 2691 μάλιστ’

120 2701 163 2771 ο’ν
184 2730 236 2783 τις
257 2700 446 2771 αἰτιάσαιτο
469 2700 586 2785 τόπον,
614 2702 634 2787 ἢ
661 2702 700 2772 τὸ
729 2700 1033 2796 φιλοχρήματον,
1022 2732 1041 2773 ο
1062 2714 1135 2799 περὶ
1156 2702 1233 2786 τούς
1254 2730 1288 2775 ra

127 2809 304 2887 Φοίνικας
318 2799 420 2880 sivae
436 2814 493 2875 καὶ
524 2806 618 2887 τοὺς
631 2805 728 2878 κατὰ
752 2812 923 2895 Αἴγυπτον
957 2810 1040 2903 φαίη
1074 2834 1124 2889 τις
1155 2808 1197 2877 ἂν
1228 2805 1289 2899 οὐχ

119 2904 254 2993 ἥκιστα.
293 2913 362 2979 Καὶ
374 2907 520 3000 μάλα,-”
500 2918 574 3014 εφη.
611 2914 718 2984 Τοῦτο
738 2920 798 2999 μὲν
818 2909 911 2995 dip‘
880 2905 984 2993 ον’τως
1005 2914 1077 3001 ἔχει,
1100 2901 1231 2997 iaa'
1230 2910 1289 3000 γὼ,

119 3020 176 3081 καὶ
198 3011 294 3084 οὐδὲν
311 3012 454 3103 χαλεπὸν
474 3018 604 3101 γνῶναι.
640 3012 696 3081 Ori
718 3018 878 3097 δῆταῦ
856 3016 901 3082 Ci
923 3016 1099 3105 lib.1v.p
1115 3020 1188 3083 t35.
1204 3024 1286 3083 extr.

120 3121 229 3205 Steph.
272 3118 356 3196 Quid
382 3127 487 3185 autem
511 3118 610 3204 magis
634 3129 773 3186 nostram
798 3120 1000 3199 sententiam,
1028 3120 1177 3195 iustitiam
1201 3123 1289 3207 prins

120 3221 153 3287 in
182 3221 296 3288 animis
321 3221 649 3307 quaerendam-fuisse
674 3245 768 3308 quam
786 3223 820 3289 in
845 3224 986 3303 civitate,
1009 3222 1168 3301 -lirmabit,
1194 3245 1291 3311 quam,

119 3324 154 3391 id
186 3324 274 3412 quod
305 3325 393 3392 Plato
426 3328 494 3412 ipse
528 3324 604 3392 dicit
632 3322 671 3393 τὸ
705 3330 900 3413 θυμοειδὲς,
935 3326 973 3393 τὸ
1004 3330 1215 3420 φιλομαθὲς,
1249 3326 1298 3409 τὰ,

120 3423 381 3520 φιλοχρήματον,
403 3432 457 3516 qui
478 3438 550 3495 sunt
569 3438 715 3515 unquam
736 3429 838 3501 tontes
856 3441 949 3517 atque
967 3432 1105 3519 origines
1125 3432 1284 3509 virtutum,

120 3553 162 3597 ex
190 3532 385 3617 singulorum
420 3532 532 3599 animis
564 3535 598 3598 in
627 3525 782 3630 civitatem
819 3534 1022 3620 pervenisset
1065 3540 1139 3603 eost
1162 3540 1286 3603 haeca

119 3656 152 3721 p.
176 3636 295 3701 t36-
309 3636 383 3701 tt1.
405 3634 456 3702 cd.
482 3636 588 3720 steph.
614 3658 708 3722 quam
728 3636 798 3703 fieri
815 3646 922 3733 potest
946 3641 1177 3707 accuratissime
1195 3640 1284 3705 Plato

121 3738 338 3806 demonstrare
359 3748 501 3834 cenatur,
531 3749 613 3814 tres,
638 3761 715 3826 quas
740 3762 816 3807 esse
833 3726 1014 3809 ostenderat
1038 3743 1146 3809 animi
1157 3742 1284 3811 faculta-

122 3849 180 3919 tes,
211 3842 351 3909 diversas
370 3864 440 3909 esse
461 3863 479 3908 a
499 3864 545 3909 se.
589 3842 648 3917 Ibi,
672 3866 767 3928 ῳτιτιο
787 3847 847 3911 τοῦ
868 3848 984 3933 θυμοῦ
1005 3846 1069 3913 vim
1091 3854 1122 3913 ct
1141 3854 1284 3917 naturam

122 3967 247 4014 omnem
270 3946 484 4033 descripsisset
507 3949 669 4023 Socrates,
700 3948 834 4026 Glauco,
862 3948 1073 4023 similitudinis
1102 3972 1182 4038 quae
1201 3952 1288 4037 inter

121 4049 200 4117 hane
220 4050 317 4116 animi
335 4050 513 4119 facultatem
532 4059 576 4115 et
585 4050 719 4127 militum
737 4030 881 4119 ordinem
897 4052 1122 4133 intercederet,
1140 4074 1281 4121 memor:

120 4149 219 4222 Πανν
240 4161 300 4242 μὲν
320 4140 393 4237 οὖν,
413 4154 531 4240 inquit,
553 4154 635 4221 ἔοικε
657 4179 834 4248 τοντιμ,ῳ
808 4146 976 4243 ωλέγετς·
1006 4160 1113 4230 καίτοι
1134 4184 1170 4246 γε
1192 4161 1226 4229 ἐν
1245 4183 1285 4253 τη

120 4251 284 4353 ημετέρφ
280 4251 387 4327 πόλει
417 4283 510 4339 τοις
525 4253 716 4349 ἐπικούρους
745 4251 852 4351 ὥσπερ
886 4255 985 4341 κύνας
1019 4256 1220 4351 ἕθέμεθα’
1203 4287 1284 4346 νπη·

1092 4404 1112 4467 9
