3334 5142
351 1217 654 1337 Reipublicae
682 1216 804 1307 noer
831 1214 1092 1335 septimus·
1123 1166 1148 1319 ᾖ
1244 1212 1246 1219 ⁴

482 1584 829 1683 ‘-mmwn

205 1796 347 1885 Septimo
367 1798 451 1864 libro
473 1800 612 1883 primum
633 1791 781 1875 docetur,
803 1798 858 1883 qui
880 1784 971 1863 nune·
984 1770 1207 1863 sit‘hominum
1228 1800 1291 1861 sta-

117 1911 167 1968 tus
189 1923 272 1988 qnae
297 1904 472 1979 conditio,
458 1914 547 1987 qn'a
569 1923 587 1968 a
609 1904 829 1987 cognoscenda
849 1902 920 1970 idea
942 1898 1019 1965 boni
1045 1899 1287 1983 prohibeantur.

117 2008 286 2088 Aptissima
306 2006 467 2071 Platonem
489 2008 604 2071 buno
594 2028 641 2070 ιιι
647 2004 742 2070 tinem
757 2005 971 2089 composuisse
985 2010 1133 2087 putamus
1148 2006 1289 2089 mythum

118 2095 205 2174 iilum
232 2113 274 2175 de
298 2108 479 2175 bominibus
507 2112 614 2175 vineto
644 2129 781 2193 corpore
812 2116 938 2173 antrum
966 2096 1197 2194 babitantibus,
1231 2126 1292 2173 neo
1338 2143 1343 2147 -

119 2211 217 2278 sotem
240 2199 461 2279 contuentibus
481 2232 585 2297 neque
604 2232 657 2278 res
676 2221 718 2280 ut
733 2220 808 2277 vere
829 2219 920 2288 sunt,
948 2213 1004 2276 sed
1032 2230 1139 2277 rernm
1161 2208 1292 2276 umbras

118 2324 213 2401 atqw
241 2315 417 2401 imaginea—
436 2337 533 2401 quem
560 2320 623 2381 bue
649 2315 859 2381 transcribere
875 2335 944 2381 uon
965 2316 1086 2381 attinet
1123 2318 1209 2381 'Tum
1237 2312 1292 2379 de⁴

117 2421 268 2486 aeribimr
289 2418 365 2505 quid
385 2420 527 2485 futurum
549 2426 633 2485 esset
653 2420 679 2483 'si
701 2418 751 2485 isti
771 2418 915 2485 homines
936 2421 977 2483 ad
999 2419 1210 2485 contuendum
1232 2420 1292 2485 So·

116 2522 177 2588 lem
207 2525 449 2589 adducerentur.
493 2524 579 2587 Ne·
563 2543 602 2588 1n
632 2524 682 2587 his
711 2524 841 2608 quidem
870 2521 984 2589 omissa
1013 2530 1061 2603 est
1088 2517 1291 2609 Reipublicae

115 2624 217 2691 ratio:
253 2628 353 2713 Τιμαλ
382 2629 418 2693 δὲ
446 2630 501 2692 καὶ
529 2625 658 2693 ἔπαινοι
685 2627 720 2693 εἴ
741 2650 825 2703 τινες
854 2620 968 2703 αυτοῖς
995 2611 1083 2706 ἦσαν
1109 2620 1199 2691 τότε
1213 2619 1288 2716 παρ’

116 2724 268 2811 ἀλλήλοιν
299 2734 354 2799 καὶ
384 2733 466 2817 γέρα
497 2730 549 2821 τῷ
576 2723 718 2810 ὀξύτατα
735 2728 941 2849 καθορῶντι
970 2724 1012 2795 τὰ
1040 2708 1206 2849 παριόντα
1234 2732 1290 2795 καὶ

114 2827 350 2961 μνημονεύοντι
371 2822 558 2928 μαλιςα,”
538 2853 603 2898 οοα
624 2856 659 2899 ιτ
679 2826 825 2923 πρότερα
847 2827 1030 2899 αὐτῶνκαὶ
1052 2822 1152 2921 ὕςερα
1175 2826 1290 2898 εἰώθει

115 2940 172 3001 και
192 2960 265 3022 αμα
284 2932 509 3055 πορεύεσθαι,
535 2940 591 3001 καὶ
620 2936 674 3001 ἐκ
685 2960 809 3002 τουτων
834 2932 875 3017 δὴ
904 2930 1159 3003 δυνατώτατα
1140 2959 1291 3023 απομαν
1305 2926 1312 2935 ’

28 3125 29 3128 ¹
116 3042 293 3131 τινομένω
300 3034 339 3105 τὸ
359 3042 479 3125 μέλλον
501 3030 601 3120 ἥξειν,
628 3034 784 3159 δοιαῑς’
761 3055 808 3104 αν·
831 3034 934 3105 αὐτὸν
962 3032 1209 3127 ἐπιθυμητικῶς
1229 3034 1291 3105 αὖ·
1300 3057 1303 3065 ’

115 3143 180 3208 τῶν
201 3142 285 3230 ἔχειν
305 3147 360 3208 καὶ
382 3142 499 3223 ζηλοῦν
520 3138 597 3219 τοὺς
616 3136 691 3227 παρ’
715 3138 846 3219 ἐκείνοις
866 3144 1067 3228 τιμωμένους
1089 3166 1122 3207 τι
1143 3146 1213 3208 καὶ
1235 3143 1290 3210 ἐν·

116 3240 428 3323 λοναςεύοντας
448 3269 476 3313 κ.
499 3270 527 3311 τ.
549 3246 572 3312 ἑ.
593 3265 627 3328 p.
650 3246 730 3322 516,
760 3246 795 3309 (i.
841 3247 889 3309 Ita
916 3244 995 3310 mihi
1023 3244 1291 3333 quoqueaodem

115 3351 278 3435 pertinere
306 3348 454 3424 videntur
483 3368 563 3434 quae
591 3368 623 3433 p.
654 3350 728 3412 516'.
760 3356 842 3439 extr.
872 3350 946 3413 517.
977 3344 1118 3415 Steum
1139 3348 1172 3415 in
1193 3346 1289 3415 finem

118 3454 327 3539 disputantur,
348 3460 385 3518 ut
406 3451 556 3518 doceatur
576 3473 639 3535 quo
661 3453 756 3515 modo
777 3448 841 3531 fiat,
863 3458 900 3516 ut
919 3470 971 3516 res
992 3452 1076 3535 ipsas
1098 3450 1229 3519 contuiti
1249 3474 1290 3519 ne

27 3591 29 3646 3
116 3559 248 3621 umbras
268 3554 397 3642 quidem
418 3576 526 3621 rerum
547 3563 633 3620 reete
648 3556 829 3619 discernere
844 3552 977 3641 possint·
1010 3555 1190 3621 Dissolvere
1205 3539 1290 3622 enim

117 3659 205 3723 Plato
233 3658 284 3725 his
313 3661 415 3724 voluit
436 3662 476 3723 ab
498 3657 687 3723 adversariis
717 3664 827 3756 eontra
854 3655 1058 3743 philosophos
1088 3660 1290 3744 magistratus

117 3770 236 3828 motam
265 3760 508 3837 dubitationem,
540 3764 594 3847 qui
619 3761 745 3845 ineptos
774 3747 829 3825 eos
859 3778 929 3825 esse
935 3761 1091 3825 dicerent
1110 3782 1171 3828 nec
1191 3761 1289 3829 rebus

117 3864 246 3952 agendis
268 3864 474 3932 idoneos.—
494 3864 617 3931 Eodem
638 3862 802 3930 referenda
830 3864 924 3928 etiam
951 3864 1043 3930 baec:
1071 3858 1160 3948 Ἴθι
1170 3864 1304 3951 τοίνυν,ι

117 3957 252 4053 ἦνὸ”
236 3966 314 4056 εγὼ,
348 3974 404 4037 καὶ
431 3964 506 4036 τόδε
537 3963 736 4050 ξυνοιὴθητι
765 3970 821 4034 καὶ
852 3993 897 4053 μη
928 3962 1179 4063 θαυμασης,“
1169 3960 1221 4037 ότι
1257 3970 1289 4039 οἱ

118 4074 273 4141 ἐνταῦθα
308 4067 467 4150 ἐλθόντες
502 4066 574 4139 οὐκ
609 4067 813 4139 ἐθέλουσι
848 4066 898 4137 τὰ
938 4071 1015 4139 τῶν
1051 4066 1289 4163 ἀνθρώπων

116 4200 336 4270 πραττιιν,
365 4170 485 4243 αλλ’
460 4198 529 4242 assu
556 4169 609 4241 ἆιλ
636 4175 817 4260 ἐπείγονται
843 4169 951 4241 αὐτῶν
972 4176 1008 4241 αλ
1027 4180 1136 4268 ψυχαὶ
1160 4171 1286 4266 διατρίι

117 4282 197 4365 fleto
225 4276 314 4359 arabe
333 4275 398 4370 γάρ
426 4300 491 4346 που
519 4268 639 4360 ον’τας,
669 4279 758 4369 εἴπερ
786 4302 830 4345 αν
857 4273 943 4345 κατὰ
970 4300 1028 4359 την
1053 4282 1289 4371 προειρημένην
