3334 5142
611 403 841 473 -315-

141 566 293 635 omnium.
346 560 482 632 anlrari
509 569 615 631 autem
643 570 677 652 et
709 562 895 651 permisceri
917 570 1052 633 ,retum
1082 563 1179 631 animi
1206 568 1322 631 statum
1355 584 1357 588 ’

140 715 183 728 -
202 671 248 740 ita
271 677 362 737 vocat
393 669 531 735 animum
557 671 613 755 qni
641 670 757 746 habeat
789 675 927 754 quatuor
955 669 1087 737 virtutes
1119 667 1317 747 cardinales,

140 774 347 859 sapientiam,
382 771 618 850 fortitudinem,
652 774 908 858 temperantiam,
947 770 1117 849 iustitiam,
1161 772 1321 861 oppositas

140 888 277 967 quatuor
296 877 381 945 vitiis
402 874 630 953 cardinalibus,
653 896 734 961 quae
756 883 830 943 sunt
844 872 972 957 ἀδικία,
994 872 1181 953 ἀκολασία,
1204 865 1319 955 δειλία,

140 980 297 1069 ἀμαθία,
317 981 423 1068 iisque
441 1001 476 1047 se
496 980 565 1064 regi
585 979 730 1049 sinat-
750 980 778 1047 si
798 980 936 1047 musicae
957 980 1060 1059 studia
1078 987 1227 1067 rectaque
1243 979 1320 1047 edu·

141 1088 223 1155 catio
243 1085 454 1170 negligantur.
498 1088 577 1149 Nam
597 1088 772 1171 procedere
789 1082 1144 1170 eam.perturhationem
1160 1082 1201 1151 ad
1214 1086 1315 1170 leges,

140 1198 302 1277 totamque
322 1188 448 1275 penitus
469 1186 628 1256 civitatem·
645 1196 801 1266 erertere,
845 1187 1143 1255 Ita1=oriridiversas
1162 1190 1316 1267 civitates,

140 1315 275 1380 quarum
296 1294 450 1376 originem
470 1291 557 1363 Plato
571 1291 687 1378 repetit
699 1315 741 1359 ex
754 1291 917 1361 hominum
932 1291 1044 1362 animis
1058 1299 1153 1377 atque
1170 1292 1316 1377 ingeniis.

225 1399 304 1465 Cum
323 1398 373 1463 his
394 1396 485 1466 dictis
506 1396 602 1463 etiam
619 1415 764 1481 ‚congrua
784 1404 876 1474 sunt,
903 1416 986 1483 quae
1007 1400 1068 1463 lnce
1089 1394 1161 1463 loco
1180 1398 1220 1461 de
1243 1395 1319 1487 civi÷

139 1512 238 1575 latum
257 1502 385 1572 interitu
404 1502 593 1567 traduntur.-
621 1505 700 1567 Nam
721 1502 864 1567 accidere
885 1501 1043 1568 interdum
1058 1506 1203 1587 tempora
1224 1499 1315 1579 dicit,

140 1628 222 1695 quae
241 1614 307 1680 nou
326 1611 400 1692 epta
419 1604 483 1671 sint
502 1604 544 1672 ad
562 1608 815 1692 procreandum,
839 1612 972 1691 propter
1001 1606 1178 1677 musarum
1199 1624 1315 1691 corpo.-

138 1730 276 1797 rumque
296 1718 363 1777 tnm
385 1711 537 1793 temporis
558 1704 718 1801 ἀφορίαν.
763 1710 857 1787 Quod
884 1718 990 1783 umen
1022 1705 1168 1801 ἀφορίας
1195 1718 1319 1798 tempus

138 1833 205 1883 non
225 1834 353 1901 semper
372 1811 593 1890 animadverti,
615 1821 651 1879 et
667 1812 754 1880 nasci
774 1815 819 1879 ita
840 1811 894 1899 qni
916 1812 978 1879 sint
1000 1807 1065 1883 οὐδ’
1087 1808 1216 1905 εὐφυεῖς
1239 1808 1315 1880 οὐδ’

141 1915 291 2007 εὐτυχεῖς.
332 1920 397 1983 Eos
417 1924 541 1993 umen,
565 1919 715 2001 quoniam
735 1937 802 1982 non
823 1916 983 2004 supersint
1005 1915 1169 1995 meliores,
1201 1920 1242 1985 ud
1260 1916 1321 1985 im-

138 2023 263 2111 perium
283 2024 411 2100 renim,
444 2028 476 2087 et
496 2019 613 2107 negligi
641 2020 682 2087 ab
702 2020 743 2085 iis
764 2020 903 2106 primum
924 2020 1068 2091 rmusicae
1102 2028 1170 2087 tum
1191 2030 1320 2109 gymna-

139 2131 237 2200 οίίοιιο
254 2127 369 2193 studia,
397 2128 459 2192 ‘Ita
472 2122 545 2218 lieri
558 2129 706 2199 custodes
726 2128 781 2211 qui
803 2127 983 2197 discernere
1003 2145 1070 2192 non
1090 2130 1175 2192 recte
1195 2128 1331 2210 possint.

138 2238 205 2297 tres
232 2230 349 2297 civium
376 2229 506 2307 classes,
534 2248 650 2316 easque
678 2228 723 2296 ita
749 2228 948 2316 permisceri.
993 2231 1070 2295 Inde
1096 2228 1175 2297 oriri
1196 2227 1332 2303 ,bellun

139 2342 173 2403 et
190 2326 390 2412 inimicitias,
412 2353 472 2421 per
492 2354 572 2419 quas
587 2338 732 2402 *mutetur
752 2332 903 2418 pristinus
924 2332 1119 2420 reipublicae
1141 2339 1248 2404 status.
1324 2381 1325 2386 ι

407 2570 585 2648 Plutonis
609 2595 791 2649 numerus
818 2574 1060 2675 explicatur.-

223 2751 381 2844 Gredibilc
401 2780 466 2841 non
489 2764 537 2825 est
555 2757 896 2837 Platonem'numeris,
919 2764 1087 2845 quaesunt
1102 2757 1313 2843 inaniasigna

138 2864 330 2949 quantitatis,
346 2858 630 2929 nechabentnllam
643 2866 709 2929 vim
719 2866 982 2953 nequegignendi
990 2878 1092 2950 noque
1105 2862 1315 2939 interimendi,

136 2970 238 3053 ipsam
252 2986 378 3032 causam
392 2964 535 3031 interitus
552 2967 712 3033 civitatum
725 2971 830 3035 inesse
843 2967 992 3037 voluisse.
1030 2969 1124 3045 Quod
1144 2968 1228 3033 idem
1241 2986 1317 3054 pros

137 3074 232 3136 batur
238 3069 414 3135 Aristotelis
422 3066 615 3148 testimonio,
629 3072 694 3159 qui,
712 3080 880 3157 postquam
889 3070 1058 3147 formulam
1066 3072 1316 3139 mathematicam

137 3174 277 3250 Platonis
298 3172 417 3251 attulit,
440 3171 518 3241 hace
538 3174 642 3239 addit:
664 3168 708 3252 τίς
728 3175 789 3261 τῆς
803 3168 934 3261 φύσεώς
955 3198 1034 3241 ποτε
1056 3169 1206 3265 φυούσης
1228 3170 1315 3267 φαύ-

137 3282 217 3356 λους
237 3282 291 3343 καί
319 3278 485 3365 κρείττους
511 3277 572 3363 τῆς
595 3277 746 3355 παιδείας
767 3303 796 3345 ιι.
817 3303 847 3345 τ.
869 3278 892 3344 ἕ.
935 3280 984 3345 Ex
1021 3276 1134 3345 eodem
1155 3277 1315 3363 colligitur

138 3380 215 3454 duas
236 3401 306 3447 esse
325 3380 451 3449 numeri
471 3389 595 3469 partes,
615 3402 750 3468 quarum
771 3384 860 3469 prior
877 3385 920 3449 ad
940 3402 1081 3459 cansam,
1104 3385 1265 3467 posterior
1275 3381 1316 3452 ad

136 3494 262 3570 tempus
281 3487 425 3551 interitus
446 3484 581 3553 civitatis
608 3486 783 3583 pertinent·
820 3486 913 3554 Prior
944 3485 1008 3554 exit
1029 3484 1153 3553 verbis:
1184 3475 1227 3554 ὧν
1248 3486 1316 3553 s’on'-
1401 3535 1406 3555 ε

137 3614 248 3680 τριτος
268 3585 411 3676 πυθμὴν
432 3584 576 3676 πεμπάδι
608 3594 753 3675 συζυγεὶς
774 3584 834 3657 δύο
864 3586 1025 3677 ἁρμονίας
1046 3592 1223 3680 παρέχεται
1245 3594 1315 3679 τρίς

138 3688 313 3774 αὐξηθείς,
334 3686 414 3779 qnae
431 3700 544 3779 aperte
565 3692 758 3780 respondent
777 3694 989 3761 Aristoteleis:
1021 3694 1109 3777 Φησὶ
1124 3690 1188 3784 γὰρ
1205 3694 1314 3761 αἴτιον

138 3787 220 3863 εἶναι
241 3792 281 3863 τὸ
295 3792 346 3884 ’μὴ
370 3798 475 3882 μένειν
493 3800 624 3884 μηθὲν,
651 3790 722 3862 ἀλλ’
754 3796 787 3862 ἐν
815 3801 879 3863 τινί
905 3791 1046 3889 περιόδῳ
1079 3792 1314 3883 μεταβάλλειν)

138 3894 271 3989 ἀρχὴν
298 3890 464 3967 δἐἶναι·
483 3894 657 3979 τούτων,
683 3888 735 3967 ὧν,
760 3898 979 3991 ἐπίτριτος
1005 3897 1314 3985 asculanen-

137 3998 238 4069 ποίδι
263 4005 454 4089 συζυγεὶς
475 3998 1024 4093 δυοολρμονίαςπαρέχεται,
1046 4006 1188 4089 λέγων,
1212 3994 1327 4071 ὅταν

138 4100 1313 4199 ὁτοῦδιαγροίμματοςεοίριθμὸςτούτουγένηταιστεριός.

223 4209 732 4298 Considerandaprimumverba:
757 4211 818 4289 ἔςι
840 4213 883 4278 δὲ
905 4212 1008 4304 θείῳ
1029 4217 1103 4299 μὲν
1123 4211 1314 4305 γεννητῷ

137 4313 331 4406 περίοδος
349 4309 401 4403 ἣν
420 4309 614 4407 ἀριθμὸς
633 4308 938 4408 περιλαμβάνει
963 4318 1136 4398 τέλειος,
1151 4309 1310 4402 &calpor-
