3334 5142
846 397 1058 462 —ltss—

358 561 561 655 ἐργάζεσθαι
593 567 718 652 τέχνας.
748 558 886 644 Ἀληθῆ
914 563 1227 655 t.e'7sse,'i'‹pns1cr'.
1254 583 1286 651 p,
1302 566 1394 642 ati,
1425 568 1531 641 ὡδί,

358 669 391 736 si
413 670 558 736 conferre
581 668 677 750 velint
698 669 844 742 lectores,
868 689 950 752 quae
972 671 1012 732 de
1035 671 1095 734 lrac
1116 688 1154 732 re
1175 689 1272 755 supra
1294 668 1529 756 disputavimus,

358 782 502 839 constare
524 774 585 838 sibi
602 774 635 838 in
658 773 697 838 eo
718 772 881 840 Platonem
898 779 1083 857 agnoscent,
1108 779 1145 837 ut
1166 773 1270 838 omnia
1285 772 1319 838 in
1336 773 1462 845 civitate
1475 795 1532 839 sua

357 881 397 942 ad
428 878 598 954 iustitiam,
636 875 726 950 cuius
760 884 1024 961 praeconceptam
1055 875 1161 942 animo
1187 880 1326 942 habebat
1339 878 1530 953 notionem,

356 1003 429 1048 non
444 980 628 1066 quaerebat,
654 990 822 1067 componat
837 988 941 1064 atque
966 979 1101 1045 ordinet.
1133 982 1193 1063 tif.
1223 981 1279 1049 lib.
1301 983 1365 1057 iv,
1394 1003 1430 1068 p.
1449 983 1528 1058 l33,

355 1089 400 1174 Α.Ι
421 1089 464 1176 St.
490 1093 522 1150 et
540 1107 571 1172 p⁴
598 1086 675 1162 tau,
704 1089 742 1153 B.
785 1084 884 1150 Nulla
915 1092 1020 1149 tamen
1047 1083 1082 1148 in
1107 1085 1161 1176 his¹
1189 1079 1308 1151 diserta
1325 1084 1370 1150 lit
1395 1085 1530 1152 iustitiae

355 1194 474 1260 mentio
503 1199 596 1275 atquo
611 1189 676 1266 ita,
702 1197 738 1253 ut
760 1189 868 1255 omnia
890 1191 930 1253 ad
946 1209 1015 1253 eam
1032 1189 1181 1275 componi
1193 1188 1379 1273 profiteatur
1392 1190 1530 1276 philoso-

354 1295 455 1380 phus,
484 1297 572 1378 *quod
598 1293 788 1359 contrarium
818 1293 930 1358 fuisset
957 1292 1074 1378 dialogi
1100 1287 1360 1376 praestantissimi
1382 1292 1529 1359 artificio.

356 1399 462 1476 Quare
471 1419 514 1482 ne
529 1397 694 1484 singularis
710 1397 844 1464 militum
856 1401 947 1473 ordo,
961 1398 1231 1484 respondensille
1247 1398 1344 1463 anim
1357 1399 1402 1490 τῷ
1417 1398 1529 1488 θυμῷ,

355 1523 461 1586 quem,
487 1504 623 1569 iustitiae
642 1501 804 1568 notionem
817 1510 960 1576 secutus,
980 1501 1118 1568 instituit
1132 1511 1266 1578 auctor,
1291 1523 1405 1589 parum
1420 1523 1531 1568 ncces·

355 1605 456 1671 sariam
485 1610 663 1684 videretur,
684 1605 963 1693 quoniamaeram
987 1617 1114 1671 causam
1131 1605 1231 1672 liuius
1248 1606 1388 1671 instituti
1413 1605 1529 1670 allerre

354 1731 418 1775 non
447 1719 588 1795 poterat,
618 1711 727 1776 ,multa
754 1711 895 1780 adhibita
921 1729 1008 1775 cura
1027 1714 1164 1797 probare
1182 1712 1319 1802 ostendet,
1348 1732 1420 1774 eum
1443 1716 1529 1776 tanto

354 1813 453 1899 magis
475 1815 697 1880 necessarium
711 1837 792 1892 esse,
820 1822 939 1900 quanto
961 1815 1118 1881 difficilius
1139 1822 1173 1879 et
1189 1815 1315 1898 gravius
1335 1813 1377 1878 sit
1395 1813 1528 1878 militum

354 1921 526 2002 negotium.
572 1922 670 1996 Quae,
703 1922 879 2010 prudenter
897 1921 1163 2005 sane-disputata,
1186 1920 1379 1985 tamennon
1402 1924 1529 1983 omnent

355 2023 546 2089 deinuimti
563 2021 751 2090 necessitate
762 2023 935 2108 legentium
950 2023 1062 2102 animis
1077 2022 1426 2108 scrupulumeximunt.
1448 2026 1528 2087 Tum

353 2128 484 2192 demum
507 2127 652 2192 dubitare
671 2129 710 2192 de
727 2126 779 2222 his
799 2127 955 2219 desinunt,
978 2127 1005 2192 si
1018 2128 1178 2201 iustitiam,
1199 2125 1325 2211 qrralem
1339 2129 1409 2213 ipse
1421 2128 1528 2192 animo

353 2239 556 2317 conceperat,
588 2233 677 2316 sequi
702 2230 736 2295 in
758 2230 807 2296 his
838 2231 1002 2297 Platonem
1026 2229 1248 2317 cognoverint,
1280 2239 1313 2294 et
1334 2234 1528 2316 respondere
1652 2317 1656 2328 ·

352 2335 545 2426 singularem
577 2331 711 2399 militum
740 2334 886 2400 ordinem
903 2335 1009 2400 animi
1037 2337 1097 2430 ogia
1111 2335 1225 2426 θυμῷ.
1267 2337 1410 2400 Pertinet
1431 2333 1529 2417 igitur

353 2439 431 2504 haec
452 2441 594 2524 quaestio
618 2441 658 2503 de
679 2437 853 2504 luxurianti
875 2439 1016 2514 civitate,
1049 2460 1107 2504 nec
1130 2441 1171 2502 ad
1193 2433 1372 2524 perfectam
1388 2443 1528 2521 Rcmpu·
1551 2452 1557 2460 “

355 2541 485 2619 blicam,
508 2563 567 2608 nec
587 2541 780 2608 acl-virtutis
797 2543 962 2632 originem,
989 2546 1048 2608 sea
1062 2563 1100 2608 ea
1123 2546 1357 2618 tantummodo,
1385 2531 1531 2626 'vestigiis‘

353 2646 407 2713 rix
429 2649 660 2732 apparentibus,
690 2649 840 2712 transitus
861 2645 896 2711 lit
918 2650 958 2712 ad
977 2662 1156 2712 sermonem
1172 2645 1212 2712 ale
1227 2638 1378 2732 singulari
1394 2644 1528 2710 militum

353 2749 476 2816 ordine.
502 2754 550 2817 Ad
572 2772 643 2828 curn
665 2753 814 2816 verovix
837 2750 898 2815 alia
917 2753 969 2816 via
989 2753 1158 2838 pervenire
1172 2759 1306 2837 poterat,
1327 2750 1388 2814 nisi
1399 2770 1527 2835 omnem

354 2854 798 2944 operis,ratinnem1turbare
827 2854 938 2931 vellet,
972 2876 1034 2940 qua
1056 2854 1258 2941 Reipublicae
1278 2856 1436 2938 perfectae
1459 2856 1528 2940 plc-

352 2963 424 3024 na'm
450 2979 635 3045 compagem
660 2967 736 3024 vere
761 2958 1113 3036 extrueret,‘iustitiam
1135 2980 1171 3024 se
1194 2978 1347 3045 quaerere
1367 2957 1527 3024 simulans.

354 3064 501 3129 Ceterum
525 3062 627 3130 omnis
651 3057 755 3141 sermo
781 3065 822 3128 de
842 3062 969 3128 civitate
990 3062 1164 3134 luxurianti
1184 3065 1238 3128 vix
1262 3083 1357 3127 uuam
1378 3060 1528 3148 pagiuam

353 3170 505 3252 completo
539 3167 584 3234 cf.
612 3171 717 3254 Steph.
737 3179 776 3254 p.
804 3169 882 3243 372,
909 3171 944 3232 E.
963 3202 1013 3216 --
1034 3168 1106 3231 37l.
1151 3169 1245 3244 Quod
1266 3166 1309 3231 ita
1336 3182 1407 3231 csse
1428 3186 1527 3250 quum

352 3277 417 3336 non
432 3270 554 3336 videret
564 3271 890 3347 ·Sehleiermacirerus,
917 3273 998 3336 mira
1008 3288 1094 3336 ‘sane
1111 3274 1152 3335 de
1170 3269 1325 3335 hocloco
1341 3269 1525 3355 prolocutus

353 3383 463 3458 caup.
490 3376 538 3439 ll.
560 3375 700 3440 introdn
735 3373 989 3445 «Bedenlslicher
1011 3379 1109 3441 sclron
1131 3377 1290 3441 erscheint
1308 3361 1425 3447 dieses,
1453 3375 1526 3437 dass

353 3477 405 3544 die
434 3478 708 3566 Nothwensliglseit
738 3477 796 3543 aul
824 3477 934 3562 Krieg
952 3481 1017 3542 und
1047 3470 1294 3565 Vertheidigung
1323 3476 1461 3542 Bedaclrt
1476 3497 1526 3539 <zu

352 3585 507 3660 nehmen,
538 3583 599 3648 mit·
617 3581 753 3654 welches
777 3582 828 3648 dio
854 3582 951 3666 gan'ze
980 3581 1201 3666 Organisation
1229 3585 1286 3645 des
1301 3579 1526 3666 platonischen

352 3689 473 3752 Staates
498 3685 628 3752 auidas
651 3694 818 3770 genaueste
843 3689 1130 3770 zusammenlr'aingt,
1157 3703 1218 3751 nur
1236 3705 1293 3750 aus
1313 3687 1417 3749 ciuem
1439 3686 1525 3749 Stre-

351 3794 414 3855 ben
431 3794 525 3858 nacla
558 3789 748 3856 Woltllchen
781 3784 950 3874 abgelcitet
981 3780 1084 3865 wird,
1121 3789 1267 3856 welches.
1281 3790 1422 3854 Streben
1441 3791 1525 3867 doch

352 3897 497 3960 Socrates
524 3896 692 3978 eigentlich
715 3892 909 3977 misshilligt,
947 3895 1012 3958 und
1025 3901 1096 3957 'nur
1123 3893 1174 3957 die
1196 3891 1445 3964 allcreinlaclrste
1469 3888 1529 3955 auf

352 3997 406 4063 die
425 3998 616 4064 Production
633 3997 691 4062 der
709 3981 1020 4064 unentbelrrlichsten
1031 3985 1245 4061 ¹Bediirlnisse
1263 3996 1330 4062 siclr
1353 3997 1525 4060 beschriin-

333 4104 454 4167 'kendc
483 4099 689 4176 Gcsellschalt
708 4102 762 4165 fiir
783 4099 838 4166 uie
856 4099 1022 4189 cigentliclr
1043 4103 1183 4186 gesunde
1206 4100 1335 4168 erkl'airt.
1355 4132 1398 4148 -
1416 4133 1458 4148 --
1480 4131 1524 4149 -

351 4241 393 4256 -
416 4221 454 4256 ³-
474 4238 518 4256 -
538 4239 580 4258 ·-
601 4241 653 4268 -.
696 4205 834 4274 Wandet
856 4189 928 4270 man
950 4224 1017 4276 mrn
1031 4207 1117 4270 aber
1138 4207 1220 4270 eben
1234 4203 1346 4268 dieses
1366 4201 1447 4268 auch
1469 4202 1528 4267 aul

328 4310 405 4378 'die
432 4310 692 4395 Entstehungsart
720 4307 808 4376 eines
841 4307 1036 4395 geordneten
1068 4307 1240 4377 Zustandes
1270 4306 1305 4375 iu
1322 4308 1398 4375 ,der
1430 4304 1523 4407 Seele
