3334 5142
585 411 814 490 ..281-

107 605 215 670 ακρα,
237 576 394 703 πρέποντ’·
412 575 568 664 ἀλλήλοις
588 586 645 649 καὶ
665 605 710 673 up
695 571 799 676 ὅλῳ
818 582 1036 672 γεγραμμένα.
1058 577 1099 653 ci,
1113 547 1285 702 Phaedrtls.

106 704 144 771 p.
169 686 245 762 ddi,
269 686 348 751 C
493 694 496 699 “
590 746 591 751 ,

200 790 296 854 Vides
324 743 420 875 igitur
445 787 482 854 id
508 793 595 876 quod
619 810 696 856 rere
715 773 887 875 quaeratur
908 809 977 854 esse
998 785 1172 908 perlectam
1191 793 1285 856 Rem·
1369 832 1380 856 .

104 895 294 980 publicam
318 897 532 980 quaestionem
553 914 631 960 vero
656 897 695 959 de
715 893 852 960 iustitiae
873 891 1063 982 praestantia
1078 891 1174 978 quasi
1195 890 1283 958 filum

107 1018 187 1062 esse
219 997 414 1083 quaomnia
443 997 613 1085 disputatio
641 997 798 1066 decurrat.
841 993 950 1077 Quod
963 1018 1019 1062 cur
1047 999 1091 1061 ita
1118 995 1289 1062 instituerit

105 1101 217 1178 Plato,
241 1124 282 1167 ex
302 1090 353 1166 iis
363 1122 444 1187 quae
465 1100 631 1168 diximus
621 1123 684 1167 mm
705 1102 786 1204 ιιιὶι
800 1103 1019 1186 perspicuum
1017 1107 1086 1178 est,
1109 1119 1211 1189 neque
1230 1101 1288 1166 ha·
1300 1140 1303 1148 ν

105 1199 228 1272 bemus
249 1207 334 1291 quod
355 1208 534 1332 addendum
555 1202 729 1273 videatur.
789 1259 792 1263 ι
863 1239 865 1246 ·

600 1432 796 1445 *—

203 1635 266 1716 Da
289 1633 394 1719 aecae
418 1636 676 1733 librorumdc
700 1639 912 1742 Republica
936 1635 1022 1717 cum
1049 1637 1218 1754 Timaeo}

609 1772 797 1849 Platonis.

201 1979 304 2068 Quam
338 1990 453 2056 callido⁴
476 1992 648 2057 secundum
676 1973 1022 2080 nostramopinionem
1049 1987 1154 2055 omnia
1183 1990 1289 2076 dispo·

109 2091 288 2170 sitasuut,
321 2086 418 2179 quum
443 2095 589 2159 Timaeus
610 2093 644 2164 in
668 2092 841 2178 Republica
849 2079 856 2186 Ἰ
865 2095 1005 2159 ιιιιιίιιιιιι
1033 2113 1211 2178 sermonem
1239 2112 1289 2157 se·

111 2196 253 2263 cundum
282 2201 435 2280 temporis
460 2199 575 2276 seriem
598 2196 760 2283 excipiat,
776 2197 884 2282 ibique
910 2200 1052 2295 demum,
1070 2201 1140 2276 ,nod
1164 2193 1289 2282 turbata

111 2289 211 2384 quam
232 2308 346 2365 vocant
358 2299 529 2384 legentium
550 2300 705 2382 illusione,
732 2303 894 2387 proposito
915 2299 1116 2389 Reipublicae
1139 2298 1201 2365 fine
1221 2305 1289 2365 tan-

79 2465 82 2467 r
108 2392 388 2523 quam'dramatii
414 2405 543 2468 alicuius
566 2406 679 2485 nodus.
697 2405 897 2486 dissolvatur.
941 2407 988 2470 Ita
1016 2425 1126 2470 eorum
1160 2425 1287 2494 qpoque

111 2513 173 2594 qui
197 2507 230 2573 iu
256 2506 386 2575 Timaeo
410 2505 635 2594 colloquuntur
662 2510 772 2599 cadem
801 2529 882 2593 quac
910 2506 1116 2603 reliquorum
1130 2510 1284 2584 omnium,

114 2613 173 2698 qui
193 2610 331 2677 Platonis
352 2610 587 2719 Rempublicam
608 2610 728 2696 legunt,
756 2611 894 2675 conditio
915 2619 972 2681 est.
1015 2613 1108 2676 Initio
1128 2611 1211 2676 iuter
1234 2632 1290 2676 ιιι-
1336 2687 1340 2690 ,

117 2715 308 2780 diendum
298 2716 359 2802 apsi
383 2707 480 2779 etiam
505 2714 695 2799 aliquamdiu
719 2711 883 2794 falluntur,
912 2713 1062 2779 iustitiam
1082 2735 1158 2779 vere
1179 2713 1291 2798 quaeri

102 2827 137 2898 'a
164 2821 292 2884 Socrate
316 2838 381 2884 non
410 2816 614 2897 dubitantes,
631 2815 746 2882 deiude
766 2837 844 2883 vero
869 2838 905 2882 re
929 2811 997 2904 ipsa
1023 2820 1138 2893 edocti,
1169 2824 1290 2882 mutata

114 2924 283 3000 sententia,
307 2929 401 3008 capnt
425 2942 495 2988 esse
520 2921 625 3006 operis
646 2918 882 3008 Rumpublicam
907 2921 1091 3006 intelligunt.

203 3024 287 3106 Quid
317 3030 423 3092 autem
447 3025 620 3110 simplicius
642 3046 712 3090 esse
733 3027 871 3113 potest
861 3027 918 3099 ris,
949 3046 1030 3111 quae
1054 3047 1072 3090 a
1099 3024 1227 3093 Platone
1250 3003 1289 3090 dc

113 3151 202 3198 neuun
227 3129 322 3196 trium
350 3129 549 3214 dialogorum
574 3128 714 3208 Pelidae,
743 3128 872 3206 Timaei,
897 3130 1012 3208 Critiae
1031 3127 1216 3222 traduntur?
1238 3131 1297 3195 Τι’-·

113 3257 226 3333 ιιιιιιιι
252 3235 336 3298 euim
366 3253 501 3304 exorsus
529 3255 549 3299 a
577 3235 687 3318 mundi
719 3216 878 3299 creatione
909 3254 978 3326 rem
1009 3235 1136 3298 deducit
1165 3236 1203 3298 ad
1232 3237 1289 3299 ho-

114 3341 236 3416 mines,
262 3338 295 3402 in
316 3339 463 3417 Timaeo;
500 3359 617 3424 quosa
643 3340 771 3402 Socrate
796 3338 966 3426 egregium
984 3337 1017 3402 iu
1038 3340 1169 3402 modum
1198 3339 1286 3402 iusti-

115 3449 223 3519 tutos,
255 3442 288 3506 iu
313 3424 442 3518 Politia,
457 3441 595 3531 excipit
620 3441 741 3515 Critias,
766 3442 1022 3528 Athenarumqua
1046 3461 1175 3506 suarum
1204 3443 1289 3505 cives

115 3545 204 3610 facit.
248 3547 309 3610 dut
339 3533 511 3630 possuntne
541 3544 574 3610 lui
605 3549 644 3610 de
670 3543 840 3635 Republica
868 3544 965 3610 habiti
993 3565 1170 3620 sermones,
1205 3565 1286 3630 quae

118 3658 169 3716 est
190 3646 467 3716 Schleiermacheri
492 3644 655 3727 sententia,
680 3650 755 3728 novi
775 3647 974 3735 dialogorum
996 3647 1128 3725 ordinis,
1156 3667 1289 3765 quorum
1402 3689 1406 3695 -

118 3754 189 3838 ipsa
207 3753 307 3818 series
327 3774 398 3819 cum
417 3752 544 3818 Timaeo
564 3741 694 3838 incipiat
712 3751 838 3817 initium
860 3773 940 3830 esse,
968 3774 1065 3837 quum
1080 3753 1209 3818 Timaeo
1225 3750 1290 3837 pri-

120 3878 199 3931 mus,
217 3839 421 3944 Reipublicae
442 3858 608 3932 secundus,
637 3852 753 3942 Critiae
773 3855 884 3960 tertius
904 3855 992 3922 locus
1020 3878 1039 3923 a
1063 3859 1190 3936 Socrate
1211 3855 1289 3920 assi-

122 3962 273 4049 gustari

530 4159 879 4182 a*
