3334 5142
595 414 826 486 mms-

122 570 242 648 didisso
269 572 431 663 putabist·
474 576 577 654 Quam
612 575 783 660 diligenter
812 571 912 669 igitur
927 598 933 608 ·
946 594 1053 654 nerum
1085 579 1231 643 naturam
1261 594 1289 643 s.

122 680 367 767 experientiam..
390 698 485 765 quam
509 686 637 757 vocant,
667 682 702 746 in
726 676 917 764 exstruenda
943 683 1002 746 bao
1028 677 1154 760 eivitato
1179 699 1236 745 suo
1257 677 1291 757 in

121 786 279 851 rationem
299 782 471 859 vomuerit,
500 800 544 849 ex
560 782 620 849 bae
639 782 766 865 ipsam
787 789 891 867 potest
910 781 1051 867 intelligi,
1075 780 1163 869 quod
1180 786 1291 849 desem

121 908 223 954 annos
249 893 340 955 natos
368 886 562 973 pbilosophis
586 885 701 963 tradit,¹
728 887 871 958 semones
899 896 1013 971 parum
1038 894 1127 975 aptos
1147 885 1291 959 iudioans

120 990 195 1058 buic
216 990 344 1069 eisitati
366 989 496 1080 Moysis,
522 989 637 1057 summi
658 988 718 1073 viri
737 1010 836 1076 quem
858 1009 968 1057 omnes
984 992 1204 1067 admirantur,
1232 990 1291 1083 bao

119 1094 153 1161 in
176 1114 216 1161 re
236 1092 389 1164 indicium
410 1100 549 1159 seeums.
580 1124 622 1144 --
655 1096 765 1171 Quae
777 1112 876 1178 quum
911 1092 1041 1163 dixisset
1074 1095 1233 1173 sonantes
1246 1093 1291 1163 ita

120 1197 342 1265 clauditbuno
367 1196 556 1264 decivitate
577 1216 773 1265 sermonem.
807 1192 968 1265 Οὐκοῦν
987 1188 1090 1285 ἅδην
1111 1194 1208 1281 ἤδη,
1235 1187 1291 1265 εἶ

119 1324 194 1369 πον
222 1297 312 1387 ἐγὼ,
336 1298 505 1387 ἔχουσιν
532 1294 629 1388 ἡμῖν
656 1303 696 1367 οἱ
722 1294 863 1387 λόγοι
857 1300 959 1388 περὶ
981 1322 1021 1369 τε
1043 1301 1114 1387 τῆς
1132 1296 1291 1383 πόλεως

121 1398 276 1486 ταύτης
304 1407 376 1476 καὶ
404 1403 478 1470 τοῦ
510 1398 670 1489 ὁμοίου
689 1398 830 1501 ταύτῃ
852 1397 1023 1523 ἀνδρός,
1046 1404 1180 1487 δῆλος
1211 1399 1289 1495 γάρ

119 1532 197 1575 που
218 1512 286 1575 καὶ
305 1496 448 1585 σῦτᾛος
473 1499 563 1575 οἷον
591 1501 774 1599 φήσομεν
795 1496 883 1579 δεῖν,
901 1502 1031 1577 αὐτὸν
1053 1498 1169 1577 εἶναι.
1214 1509 1289 1589 Δῆ-

119 1614 210 1691 λος,
238 1609 341 1704 ἔφη
349 1601 477 1679 -·‘'nal
456 1634 553 1702 οπερ
583 1611 752 1701 ἐρωτᾷς,
773 1612 899 1677 δοκεῖ
923 1634 1006 1696 μοι
1022 1610 1288 1701 velocique.
1350 1648 1362 1655 ··

118 1718 268 1785 Fuonmt'
283 1713 339 1799 qui
359 1734 400 1779 en
421 1712 482 1805 boo
501 1714 577 1791 loeo
594 1713 726 1799 aliisque
745 1713 901 1789 similibus
922 1713 1131 1799 collegerunt,
1152 1704 1290 1799 Platonis

120 1816 339 1895 inscribenda
359 1816 520 1904 republica
541 1816 706 1897 eonsilium
726 1818 831 1884 fuisse
843 1810 1023 1905 proponere
1045 1820 1149 1886 virum
1173 1802 1289 1904 iustum

118 1924 297 2007 iustamque
321 1920 488 1990 civitatem.-
523 1920 570 1989 Cf.
593 1920 774 2001 Stallbaum.
798 1920 819 1987 l.
843 1942 872 1990 e.
894 1924 1050 2005 nsxxv.
1072 1908 1142 2007 sqq.
1167 1922 1288 1999 Quam

119 2024 214 2092 buius
241 2026 412 2098 sententiae
435 2046 512 2105 suae
541 2043 665 2090 camum
692 2046 726 2109 p.
757 2026 872 2092 xxvl.
893 2032 925 2089 et
945 2026 1095 2094 xxvllt.
1111 2031 1192 2093 extr.
1216 2042 1285 2113 sqq.

120 2126 343 2195 Stallbaumius
364 2128 465 2197 attulit
485 2162 527 2180 --
548 2131 763 2216 quaestionem
787 2127 829 2193 do
851 2127 960 2211 optimi
984 2130 1121 2195 bominis
1147 2130 1289 2201 moribus

119 2240 152 2297 et
175 2231 217 2299 de
242 2232 383 2318 perlecta
402 2231 567 2317 republioa
588 2234 737 2317 agitatam
760 2230 855 2313 talem
880 2239 1106 2325 essolputans.
1137 2240 1172 2300 ut
1193 2234 1289 2301 altera

119 2335 187 2413 sine
209 2335 310 2401 altera·
329 2333 461 2419 intelllgi
480 2355 546 2402 uon
562 2335 662 2422 possit
680 2371 724 2395 -ι-
744 2334 779 2401 in
802 2355 844 2401 eo
863 2335 960 2403 falsus
981 2343 1058 2405 est.¹
1079 2339 1159 2403 Nam
1183 2335 1290 2425 dispu-

118 2441 196 2505 tatio
212 2442 252 2504 de
265 2438 401 2506 neminis
424 2441 535 2521 optimi
559 2436 858 2527 moribus'iutelligi
878 2460 954 2507 saue
974 2446 1080 2523 potest
1101 2442 1168 2507 sine
1182 2440 1290 2525 dispu-

118 2542 239 2609 tatione
257 2540 298 2609 de
311 2534 450 2608 oisilate.
486 2544 591 2620 Quod·
605 2540 668 2610 nisi
689 2544 734 2607 ita
756 2553 848 2617 esset.
878 2543 1067 2629 omnesqui
1088 2542 1127 2609 da
1146 2543 1289 2615 moribus

119 2645 323 2733 seripserunt,
336 2644 492 2713 eivisnem
505 2645 540 2711 iu
550 2643 702 2713 auxilium
716 2666 829 2715 vocare
841 2645 1029 2715 debuissent.
1062 2650 1139 2713 Nam
1156 2647 1287 2723 etiamsi,

118 2756 154 2815 ut
175 2751 302 2815 virtutis
326 2748 464 2815 studium
487 2749 664 2829 adiuvetur,
686 2751 845 2842 civitatem
866 2750 910 2816 ita
935 2746 1089 2831 moratam
1109 2771 1180 2817 esse
1193 2772 1289 2839 opor·

118 2857 199 2929 test,
237 2860 274 2918 ut
292 2854 459 2919 bominum
481 2853 515 2916 in
534 2854 604 2939 ipsa
633 2855 811 2937 degentium
841 2856 990 2920 virtutem
1015 2856 1160 2920 omnibus
1182 2854 1288 2920 modis

117 2958 226 3023 foveat
246 2954 309 3021 alat
329 2963 422 3041 atque
441 2962 572 3040 augeat,
601 2963 705 3052 tamen
727 2976 766 3023 ea
787 2976 840 3021 res
858 2960 897 3021 ad
917 2959 1041 3025 virtutis
1061 2960 1222 3025 notionem
1242 2958 1289 3027 iu·

118 3058 315 3144 veniendum,
341 3066 373 3124 et
389 3060 430 3124 ad
443 3054 639 3143 oondendam
660 3060 835 3128 doctrinam
857 3061 1018 3135 moralem,
1043 3062 1121 3129 nibil
1141 3061 1288 3130 contens

117 3162 253 3229 videtur.
295 3164 403 3241 Quare
420 3162 526 3227 omnia
541 3183 623 3247 quae
637 3183 656 3227 a
668 3159 871 3229 Stallbaumio
892 3182 922 3249 p.
943 3164 1053 3228 XLlll.
1075 3184 1142 3249 sqq.
1155 3156 1189 3229 in
1202 3161 1289 3231 'bunc

117 3264 214 3333 finem
233 3257 316 3333 dicta
335 3272 417 3343 sunt,
443 3288 508 3331 non
524 3264 609 3331 aliud
628 3264 773 3353 probant,
786 3286 880 3351 quam
898 3269 1072 3335 doctrinam
1089 3268 1129 3331 ds
1148 3264 1288 3351 perlaeta

118 3369 249 3436 mvitat'e
278 3369 372 3435 condi
399 3389 463 3436 non
490 3390 590 3454 posse
615 3372 682 3435 sina
710 3368 848 3453 virtuto,
881 3390 945 3435 non
972 3376 1116 3436 contra·
1149 3369 1214 3462 Sed
1236 3372 1287 3435 bio

118 3473 251 3539 multum
276 3472 428 3540 cautionis
450 3471 661 3539 adbibeudum
685 3480 734 3538 est
757 3471 1008 3559 videndumque,
1039 3494 1114 3539 num
1143 3474 1288 3560 quaestio

118 3576 159 3642 de
184 3574 326 3647 monibus
355 3575 484 3662 agitata
494 3596 552 3642 sua
573 3575 674 3661 qratia
696 3571 837 3645 instituta
862 3577 917 3651 sit.
953 3596 994 3661 au
1016 3578 1149 3651 divitatis
1174 3598 1285 3655 eausa,

118 3683 206 3767 quod
226 3700 293 3747 nos
306 3681 509 3747 ostendimus.

202 3788 249 3853 Au
268 3784 411 3867 prolecto
432 3805 472 3851 ea
491 3803 573 3870 quae
588 3785 634 3850 de
653 3782 771 3849 iustitia
787 3781 925 3851 dicenda
942 3782 1080 3859 fuerunt,
1102 3782 1133 3851 si
1153 3735 1286 3851 civitatis

119 3889 219 3971 gratia
243 3906 282 3961 ea
310 3884 480 3969 disputatio
504 3886 730 3963 institueretur,
758 3884 959 3953 brevioribus
979 3906 1044 3953 non
1058 3894 1213 3972 poterent
1231 3909 1295 3959 exe

118 3990 239 4077 plicari.
282 3987 365 4055 Nam·
384 3992 487 4055 omnis
509 3988 549 4056 de
575 3988 694 4061 iustitia
722 3989 889 4076 disputatio
913 3989 1031 4056 inclusa
1057 3996 1105 4055 ast
1128 3988 1210 4056 libro
1232 3993 1283 4059 lt.

118 4116 152 4177 p.
175 4093 376 4159 tas—tto.
401 4094 445 4158 St.
466 4128 513 4161 -.
528 4095 758 4165 Attoudondum
777 4100 884 4159 autem
905 4091 966 4159 boo
984 4092 1054 4159 loco
1079 4113 1143 4159 non
1165 4114 1286 4161 senmo-

117 4218 192 4263 nem
217 4216 286 4264 esse
307 4193 352 4261 de·
373 4194 445 4261 viro
465 4195 559 4276 iusto,
587 4194 645 4262 sed
668 4200 775 4276 dq-eo
800 4196 856 4283 qui
875 4194 984 4267 similis
1005 4197 1047 4263 sit
1065 4188 1138 4292 buis
1153 4197 1282 4269 civitati.

118 4304 199 4373 Nam
218 4299 252 4367 in
272 4299 428 4385 ntoximis
445 4298 537 4370 libris
558 4320 621 4381 nou
641 4323 682 4373 ex
701 4298 838 4380 institia,
869 4298 924 4373 sed
943 4320 985 4367 ex
1002 4300 1076 4373 idea
1090 4300 1285 4387 boninum
