3334 5142
605 394 835 490 -281-

137 558 236 652 ἄκρα,
258 558 407 653 πρέποντ’
432 556 588 645 ἀλλήλοις
608 567 665 631 καὶ
685 586 730 655 τῳ
715 552 820 657 ὅλῳ
838 564 1056 655 γεγραμμένα.
1077 560 1118 635 cl.
1133 530 1306 697 Pbactlrlls.

136 686 168 754 p.
191 667 266 744 ddi,
290 667 369 732 C.
513 675 516 680 “

221 772 317 836 Vides
344 724 440 857 igitur
466 768 502 837 id
529 774 615 857 quod
639 792 716 837 vcro
737 776 907 856 quaeratur
928 791 997 837 csse
1018 768 1190 863 perfectam
1211 775 1305 838 Rem·
1389 815 1400 837 .

136 877 314 964 publicam
338 877 552 961 quaestionem
574 895 651 941 rero
675 877 716 941 dc
735 874 872 941 iustitiae
893 874 1082 963 praestantia
1097 875 1194 961 qnasi
1214 872 1303 941 filum

136 1000 208 1045 esse
239 996 313 1064 quo
332 979 434 1046 omnis
463 977 632 1066 disputatio
661 978 818 1047 dccurrat
861 974 954 1058 Quod
982 1000 1038 1044 cur
1066 982 1111 1045 ιιι
1137 977 1309 1045 instituerit

135 1083 237 1161 Plato,
261 1104 303 1149 cx
322 1072 362 1147 iis
383 1103 464 1168 quac
484 1083 620 1149 diximus
641 1081 704 1149 iam
725 1083 800 1149 satis
820 1084 1024 1168 perspicuum
1037 1089 1105 1160 -est,
1129 1102 1231 1172 neque
1250 1084 1322 1149 baa-J

135 1182 248 1253 bemus
269 1188 355 1273 quod
375 1189 554 1266 addendum
574 1190 748 1255 videatur„

126 1739 131 1747 .
223 1616 286 1697 Dc
309 1646 414 1700 saecu
437 1618 695 1699 librorum-ds
719 1622 931 1725 Republica
956 1648 1041 1700 oum
1069 1620 1238 1737 Timaeo

628 1754 816 1832 Plutonis.

221 1972 323 2049 Quam
358 1971 468 2037 rabide
496 1974 667 2037 secuudum
695 1956 1042 2061 nosbamopinioncm
1068 1970 1174 2037 omnia
1203 1972 1309 2058 dispo·

136 2074 309 2151 sitasuut,
341 2066 437 2160 quum
463 2077 608 2140 Timaeus
629 2074 663 2145 iu
686 2060 871 2161 Republica
884 2078 1024 2142 habitum
1052 2095 1230 2161 sermonem
1259 2095 1309 2140 sc·

137 2176 274 2244 cundum
301 2182 455 2261 temporis
480 2180 595 2243 scriem
617 2177 764 2264 excipiat,
795 2179 904 2264 ibique
929 2182 1071 2277 demum,
1095 2192 1159 2244 non
1184 2175 1308 2244 turbata

137 2270 231 2367 quam
253 2289 365 2347 vocant
378 2281 548 2366 legentium
570 2281 724 2364 illusione,
752 2286 914 2369 proposito
935 2281 1135 2371 Reipublicae
1159 2281 1220 2348 fine
1240 2289 1309 2347 tan-

137 2406 231 2472 quam
259 2374 407 2453 dramatis
432 2388 562 2451 alicuius
585 2388 687 2467 nodus
716 2385 916 2469 dissolvatur.
961 2388 1008 2451 Ita
1036 2407 1146 2453 corum
1180 2407 1307 2477 quoque

137 2496 192 2577 qui
217 2489 250 2557 iu
275 2490 405 2558 Timaeo
429 2489 654 2578 'colloquuntur
681 2493 791 2580 cadem
818 2511 901 2577 quaa
929 2488 1124 2576 reliquorum
1150 2492 1304 2566 omnium,

137 2596 193 2680 qui
212 2594 349 2660 Platonis
371 2594 606 2681 llempublicam
627 2593 747 2679 legunt,
775 2594 913 2689 conditio
934 2602 991 2663 est.
1034 2577 1135 2659 Initio*
1148 2594 1231 2659 inter
1254 2614 1309 2659 au-

138 2698 290 2763 diendum
317 2699 378 2786 ipsi
402 2691 498 2763 'etiam
523 2698 713 2783 aliquamdiu
738 2695 902 2778 labuntur,
932 2696 1080 2762 iustitiam
1101 2718 1178 2763 vere
1198 2696 1309 2782 ιιιιιι

137 2804 311 2868 aSocrata
335 2822 400 2868 non
429 2799 633 2881 dubitantes,
649 2799 765 2867 deinde
785 2821 863 2867 vcro
888 2822 923 2867 re
948 2796 1015 2887 ipsa
1042 2802 1157 2877 edocti,
1188 2807 1309 2867 mutata

137 2908 303 2983 sententia,
326 2914 420 2992 caput
444 2926 515 2973 esse
539 2905 644 2989 operis
665 2902 901 2991 Rcmpublicam
926 2904 1110 2989 intelligunt.

223 3007 307 3088 Quid
337 3015 442 3076 autem
466 3009 639 3094 simplicius
661 3028 731 3075 esse
753 3010 890 3097 potest
880 3010 937 3082 ris,
967 3030 1049 3095 quae
1072 3030 1091 3074 a
1118 3007 1246 3077 Platone
1269 2986 1308 3073 de

137 3132 222 3180 ιιιιιιι
247 3112 342 3179 trium
370 3112 568 3197 dialogorum
593 3112 733 3191 Politiac,
762 3111 891 3189 Timaei,
916 3113 1031 3191 Critiae
1050 3109 1235 3205 traduntur?
1257 3114 1316 3177 Ti-·

137 3239 246 3284 macus
273 3218 357 3281 enirn
387 3237 520 3288 exorsus
549 3239 569 3282 a
597 3218 707 3283 muudi
739 3195 897 3282 creatione
929 3236 997 3309 rem
1028 3217 1155 3281 deducit
1184 3218 1223 3281 ad
1251 3218 1309 3281 bo-

138 3324 256 3399 mines,
283 3320 317 3386 in
337 3323 482 3400 Timaeo;
520 3341 637 3406 quosa
662 3324 791 3386 Socrate
815 3320 986 3409 egregium
1003 3320 1036 3384 in
1058 3322 1188 3385 modum
1217 3321 1306 3384 insti·

138 3433 242 3503 tutos,
276 3426 309 3490 iu
334 3424 462 3501 Politia,
477 3424 615 3514 excipit
640 3424 760 3498 Critias,
785 3425 1041 3509 Athenarumque
1066 3442 1194 3488 suarum
1224 3425 1309 3488 cives

138 3529 224 3594 lacit.
269 3532 329 3594 Aut
360 3518 531 3614 possuntne
560 3527 593 3593 lui
625 3531 663 3592 dc
688 3525 859 3613 chublica
886 3526 984 3592 babiti
1012 3547 1190 3603 sermones,
1224 3546 1306 3613 quac

139 3640 188 3698 est
209 3632 487 3708 Scbleiermacbcri
511 3626 675 3710 sententia,
700 3633 775 3711 novi
794 3630 993 3717 dialogorum
1015 3628 1147 3707 ordinis,
1156 3650 1308 3747 quorum
1421 3672 1425 3675 -

138 3736 208 3820 ipsa
226 3737 328 3801 series
347 3757 419 3801 cum
437 3735 564 3800 Timaeo
584 3724 713 3821 incipiat
732 3733 856 3800 initium
879 3754 959 3811 esse,
988 3756 1084 3821 quum
1099 3714 1229 3800 Timaeo
1244 3732 1309 3819 pri-

139 3860 219 3914 mus,
238 3822 442 3927 llcipublicac
463 3840 629 3915 secundus,
657 3835 773 3905 Critiae
793 3837 903 3905 tertius
923 3838 1011 3907 locus
1039 3860 1058 3905 a
1083 3841 1209 3905 Socrate
1231 3837 1309 3903 assi·

140 3947 293 4032 gneiurt

550 4140 899 4163 a*
