3334 5142
838 408 983 497 *aaa
1026 438 1065 469 ..-

319 577 324 587 ‘
369 588 434 635 nou
456 565 625 635 aliusfinis
647 572 710 648 est,
732 588 826 653 quam
846 562 982 643 ¹docere,
1001 566 1141 656 perfecta
1161 570 1219 641 hac
1240 568 1368 645 cipitata
1382 568 1474 659 ficri,
1505 577 1544 635 ui

370 672 481 741 animis
509 673 626 750 nostris
655 673 757 742 aditus
787 672 827 738 ad
854 672 1003 742 coelestia
1028 681 1142 759 pateat.
1178 676 1234 738 lta
1262 676 1358 739 ¹ctiam
1384 673 1541 741 indicasse

370 776 481 862 Cicero
502 774 643 866 videtur,
665 797 761 860 quum
781 775 984 863 Reipublicae
1006 798 1081 845 suae
1108 778 1263 845 somnium
1286 777 1457 864 Scipionis,
1491 776 1540 843 fa·-

369 879 463 947 balac
491 881 562 944 Eris
593 878 803 956 simillimum,
833 878 982 951 adderet·
1009 878 1063 945 uf.
1093 878 1217 948 librum
1231 886 1270 949 de
1291 880 1464 965 Republica
1479 883 1538 954 Ἦ.

368 982 401 1067 S.
426 985 497 1047 13.:
521 984 617 1047 «Sed
637 1003 703 1068 quo
723 987 786 1059 sis,
809 983 1128 1061 Africanaealacrior
1146 984 1187 1055 ad
1208 988 1370 1051 tutandum
1385 1006 1460 1051 ‹rcrn
1482 1006 1544 1069 pua

367 1084 495 1162 blicam,
517 1087 563 1150 sic
584 1084 716 1152 habeto:
739 1089 898 1164 omnibus,
921 1090 975 1173 qui
996 1091 1129 1175 patriam
1151 1092 1387 1166 conservarint,
1402 1082 1543 1155 adiuro·

367 1191 450 1267 rint,
481 1192 643 1263 auxerint,
667 1197 796 1256 ‘certum
821 1212 891 1259 assa
918 1190 1303 1259 incaelcacucfinitum
1324 1192 1448 1269 locum,
1486 1194 1542 1257 uhi

368 1295 455 1358 beati
475 1312 558 1359 aevo
579 1293 957 1377 sempiteruolruautur:
982 1295 1061 1363 nihil
1082 1303 1128 1362 cst
1149 1298 1234 1361 cuim
1248 1296 1296 1367 illi
1312 1282 1448 1383 principi
1462 1299 1541 1372 Deo,

369 1400 424 1485 qni
454 1418 586 1463 omnem
610 1400 694 1463 hunc
709 1402 875 1484 „muudum
895 1402 992 1485 regit,
1007 1399 1110 1485 <quod
1138 1398 1266 1485 quidem
1293 1401 1326 1466 in
1350 1398 1541 1477 ‘terentino

369 1504 554 1588 acceptius,
567 1521 662 1585 quam
683 1502 815 1568 coucilia
837 1510 1007 1592 coetusque
1028 1492 1283 1573 hominumtiure
1307 1502 1435 1579 sociati,
1461 1523 1544 1590 quae

370 1604 746 1690 civitates'appellanturt
770 1606 885 1673 harum.
901 1616 1043 1702 rectores
1065 1614 1356 1676 etecuservatores
1377 1609 1544 1693 hincp'ra-

368 1708 445 1775 lorti
464 1714 526 1775 hue
546 1716 785 1775 revertuntur.»
830 1710 876 1777 ef.
901 1719 932 1777 et
953 1712 985 1795 §-
1011 1705 1059 1782 15.
1081 1714 1133 1777 26.
1179 1763 1182 1773 .
1300 1722 1304 1799 J

321 1804 327 1814 ’
455 1815 644 1879 'Universum
670 1815 767 1899 igitur
794 1814 908 1880 decimi
931 1814 1005 1881 libri
1030 1822 1247 1899 argumentum
1269 1810 1544 1883 considerantibus

370 1915 463 1994 uobis
491 1915 727 2010 ¹concedendum
755 1938 824 1984 ease
842 1921 991 1994 uidetur,
1023 1919 1105 2001 hunc
1132 1926 1326 2007 postremum
1345 1918 1483 1995 librum,
1507 1919 1544 1985 'si

279 2024 283 2033 '
371 2018 589 2106 argumentum
611 2022 712 2086 solum
732 2022 840 2105 operis
861 2023 1027 2107 respicias,
1061 2042 1124 2089 non
1153 2039 1221 2089 esse
1249 2025 1376 2091 omnino
1398 2007 1544 2089 neccssa-

370 2127 454 2191 rium
462 2121 476 2200 ,’
493 2123 573 2198 sicut
592 2144 657 2216 nec
669 2114 809 2211 ⁴primum
831 2125 965 2201 librum,
989 2116 1038 2192 ob¹
1053 2118 1184 2193 eandem
1206 2130 1286 2191 hanc
1306 2146 1449 2208 causam,
1469 2144 1547 2192 .om·‘

373 2231 448 2294 nino
473 2229 687 2293 necessarium
716 2250 785 2294 esse
812 2227 965 2306 vidimus,
1001 2234 1057 2297 sad
1081 2237 1190 2316 aptum
1203 2238 1331 2311 tamen,
1365 2238 1397 2295 et
1415 2237 1547 2314 gratum·

372 2329 566 2417 legentibus,
589 2340 633 2408 et,
655 2339 690 2397 ut
711 2335 846 2418 primum
868 2336 1026 2419 prooemii
1045 2330 1089 2399 ita
1109 2338 1192 2411 huno
1213 2333 1329 2419 epilogi
1349 2334 1465 2408 instar,
1490 2353 1546 2399 or-

322 2453 325 2458 *
372 2438 624 2516 namenticausa
645 2434 833 2506 addendum.
877 2440 956 2501 Nam
983 2436 1059 2512 tanti
1086 2436 1125 2503 de
1152 2436 1326 2522 Republica
1352 2436 1453 2503 hahiti
1473 2458 1548 2503 ser*

373 2559 495 2617 moues,
516 2541 603 2627 Aquod
625 2540 688 2606 iam
709 2560 801 2627 supra
822 2539 1075 2625 significavimus,
1098 2561 1163 2606 uon
1178 2548 1400 2627 poterauttam
1419 2540 1546 2607 cniliter

373 2642 560 2719 decurrere,
595 2657 689 2730 quam
717 2663 754 2710 re
783 2665 857 2709 vera
884 2643 1000 2710 factum
1030 2652 1131 2721 essct,
1165 2630 1301 2737 sineno
1318 2644 1400 2710 libro
1421 2642 1545 2711 linitum

372 2756 454 2813 esset
474 2769 566 2831 opus.
608 2746 793 2815 addendum
815 2746 913 2833 igitur
927 2747 1044 2835 aliquid
1058 2746 1121 2813 luit
1133 2749 1244 2835 Operis
1265 2746 1337 2824 fini,
1359 2750 1452 2833 quod.
1466 2766 1544 2813 cou-

365 2840 509 2924 junctum
540 2872 612 2916 cum
640 2856 834 2939 argumento
854 2852 968 2935 Operis
995 2853 1146 2918 lectorum
1168 2849 1405 2919 admirationem
1435 2850 1543 2918 denuo

371 2954 541 3033 andurae,
577 2955 673 3040 quale
695 2958 774 3021 hacc
803 2963 851 3021 est
878 2959 918 3021 de
938 2956 1075 3021 iustitiae
1103 2956 1251 3043 praemiis
1273 2955 1458 3041 disputatio,
1493 2957 1545 3021 cui

373 3060 478 3127 sermo
505 3058 545 3124 dc
570 3058 746 3124 animorum
763 3060 1009 3137 immortalitate
1038 3068 1069 3125 et
1095 3050 1281 3143 migratione
1310 3067 1342 3124 et
1362 3058 1439 3125 liris
1453 3063 1545 3127 Pam·

374 3163 472 3250 phylii
492 3165 630 3229 narratio
652 3172 724 3247 apte
746 3172 961 3235 annectuntur.
1010 3168 1075 3229 Nec
1096 3158 1237 3229 oblivisci
1258 3170 1383 3249 poterat
1404 3182 1545 3231 summus

371 3266 532 3335 scribendi
562 3267 684 3333 artifex.
700 3267 803 3343 Plato,
836 3271 925 3353 ,quod
953 3275 999 3333 est
1026 3270 1059 3333 in
1087 3264 1274 3354 prouerbio:
1310 3264 1379 3331 finis
1412 3274 1545 3333 coronat

360 3392 461 3458 ,opus
504 3376 635 3439 Veteres
658 3372 743 3438 enim
764 3380 909 3452 auctores
932 3380 963 3438 ct
983 3372 1126 3455 inprimis
1147 3372 1234 3437 Platd
1257 3361 1327 3437 ullu-²
1351 3370 1425 3437 satis
1447 3373 1546 3437 hahe-

372 3474 449 3541 bant
466 3475 631 3560 scripsisse
653 3489 766 3560 opera,
797 3498 878 3562 quae
891 3564 893 3570 ,
906 3475 1063 3541 desiderio
1092 3478 1215 3544 aarum
1229 3475 1284 3560 qni
1312 3470 1419 3548 doceri
1448 3473 1545 3541 modo

373 3582 497 3647 vellent.
511 3580 740 3658 satisfacerent,
773 3573 828 3647 sed
851 3602 932 3668 quaa
953 3582 992 3646 iis
1014 3582 1108 3645 ctiam
1130 3578 1303 3665 placerent,
1338 3580 1392 3663 qui
1415 3580 1547 3663 egregia

373 3694 405 3751 et
440 3682 607 3750 artificiosa
642 3693 773 3771 opernm
809 3684 1057 3751 conformatione
1096 3683 1336 3752 delectarentur.
1392 3682 1488 3761 Quod
1519 3682 1547 3748 si

372 3789 465 3855 huius
486 3790 534 3853 rei
554 3787 636 3853 bene
657 3799 778 3873 memor
798 3792 906 3865 fueris,
930 3804 988 3854 neo
1009 3789 1146 3872 primum
1169 3808 1226 3853 nac
1247 3796 1440 3874 postremum
1462 3786 1546 3853 hunc

243 3900 247 3907 “
373 3891 489 3958 librum
511 3896 551 3957 ah
573 3894 622 3958 his
644 3895 683 3957 dc
705 3888 875 3979 Republica
890 3895 1088 3961 sermonibus
1103 3890 1325 3961 resciudiullc
1340 3889 1434 3988 modo
1451 3910 1546 3975 posse

374 3987 539 4062 iudicabis,
595 4000 694 4073 Nam,
733 4004 769 4061 ut
808 3998 947 4081 Platonis
973 4000 1071 4063 verba
1087 4014 1170 4061 mea
1193 3992 1324 4071 faciam,
1362 3991 1414 4061 δεῖ
1436 3984 1555 4061 adarci

372 4096 477 4184 λόγον
502 4091 607 4190 ὥσπερ
635 4102 716 4181 ζῶον
745 4096 940 4169 συνεστάναι
967 4095 1062 4187 σῶμά
1091 4124 1122 4165 τι
1151 4098 1273 4187 ἔχοντα
1295 4094 1396 4165 αὐτὸν
1425 4093 1546 4178 αὑτοῦ,

357 4194 456 4274 ,ὥστε
477 4199 558 4291 μήτε
580 4199 748 4299 ἀκέφαλον
772 4194 856 4273 εἶναι
875 4200 956 4293 μήτε
978 4200 1095 4281 ἄπουν,
1118 4198 1204 4270 ἀλλὰ
1224 4206 1310 4293 μέσοι
1329 4206 1366 4269 ’τε
1388 4200 1470 4291 ἔχειν
1491 4205 1548 4269 καὶ
