3334 5142
607 1273 826 1356 Praefatio.

215 1575 338 1664 Operis
360 1579 525 1647 Platonici
547 1580 588 1646 de
610 1580 798 1665 Republica
812 1581 1057 1668 argumentum,
1080 1579 1192 1666 tinem,
1215 1598 1301 1645 eon-

125 1729 365 1810 structionem,
400 1733 505 1794 urtem
534 1729 586 1794 his
618 1731 866 1817 prolegomenis
898 1729 1067 1794 illustrare
1097 1730 1302 1814 propositum

125 1878 227 1942 nobis
248 1878 321 1942 init.
365 1877 461 1958 Quod
484 1879 541 1942 vix
565 1880 662 1943 aliter
684 1879 753 1944 fieri
778 1882 910 1962 poterat
927 1897 1022 1964 quam
1039 1882 1075 1942 ut
1096 1882 1201 1942 totum
1217 1897 1302 1962 opus

124 2029 171 2093 ab
196 2029 289 2092 initio
311 2045 415 2112 usque
443 2027 485 2091 ad
508 2028 620 2110 linem,
647 2032 784 2092 strenue
812 2029 993 2113 sequentes
1021 2027 1127 2112 ipsius
1157 2029 1304 2092 auctoris
1378 2041 1379 2045 ’

124 2177 293 2265 vestigia,
315 2171 609 2261 perlustraremus,
632 2179 836 2266 singularum
859 2178 999 2262 partium
1022 2180 1253 2266 argumentum
1269 2184 1303 2241 et

125 2344 251 2390 nexum
278 2326 559 2414 expenderemus,
589 2329 736 2391 virorum
766 2325 937 2391 doctorum
969 2326 1010 2390 de
1038 2327 1079 2389 iis
1099 2328 1200 2391 rebus
1221 2344 1304 2391 sen-

126 2475 254 2539 tentias
268 2476 548 2556 examinaremus,
571 2475 658 2539 falsa
673 2475 919 2558 refelleremus,
941 2493 1023 2539 vera
1039 2474 1304 2556 defenderemus,

129 2642 288 2708 quorsum
309 2627 504 2709 spectarent
527 2626 561 2688 et
577 2625 783 2707 pertinerent
799 2626 907 2688 omnia
922 2623 1185 2689 ostenderemus.
1220 2625 1304 2688 Nam

126 2777 166 2836 ut
181 2774 215 2836 in
230 2774 392 2857 pietorum
416 2773 648 2837 excellentium
672 2774 795 2838 tabulis
810 2771 853 2836 ad
869 2792 967 2836 unum
984 2771 1188 2856 eundemque
1209 2773 1304 2836 finem

126 2925 276 3010 vergunt
299 2923 480 3004 omnia3ut
503 2940 563 2986 suo
587 2939 736 3005 quaeque
765 2922 842 2987 looo
870 2923 979 3003 posita
1008 2924 1105 3005 sunt3
1136 2926 1171 2984 ut
1196 2938 1303 3005 opaea

126 3071 325 3136 collustrata
348 3089 385 3135 se
409 3071 551 3135 invloem
573 3068 750 3151 adiuvant,
779 3089 842 3134 neo
865 3068 1040 3154 quldquam
1067 3073 1126 3133 aut
1148 3067 1226 3133 addi
1247 3072 1305 3132 aut

103 3187 105 3189 ’
127 3219 214 3284 demi
237 3237 337 3304 posse
359 3217 543 3303 prudentes
564 3219 773 3306 intelligunt:
796 3220 901 3284 sicin
925 3218 989 3284 hoo
1006 3214 1118 3304 Opere
1140 3216 1183 3282 ad
1207 3237 1305 3281 unum

128 3366 334 3452 eundemque
356 3367 460 3432 tinem
488 3369 668 3434 oollineare
695 3369 803 3433 omnia
832 3365 1005 3449 videntur,
1040 3371 1074 3431 et
1103 3370 1198 3431 tanto
1233 3370 1306 3430 arte

128 3515 293 3602 disposita
308 3531 342 3582 et
357 3516 511 3583 ordinata
527 3536 602 3584 esse
617 3519 748 3584 minima
761 3518 921 3599 maxima,
943 3521 980 3583 ut
995 3516 1075 3581 nihil
1091 3515 1169 3582 addi
1184 3519 1307 3602 possit,

128 3665 209 3730 nihil
229 3665 365 3748 revelli,
388 3666 467 3731 nihil
489 3667 588 3732 aliter
610 3667 767 3733 eollooari
790 3669 862 3731 sine
884 3684 1005 3752 magna
1027 3668 1306 3751 praestantissimi

129 3810 253 3900 Operis
273 3814 360 3879 labe.
402 3815 441 3878 In
464 3817 559 3881 tanta
580 3815 684 3902 igitur
705 3833 743 3878 re
765 3832 889 3880 summa
911 3835 973 3880 nos
995 3833 1075 3880 eura
1103 3819 1137 3879 et
1159 3813 1307 3902 diligen-

128 3965 191 4050 tia,
224 3966 262 4027 ut
292 3967 470 4048 parerat,
503 3967 661 4029 versatos
689 3981 782 4046 esse,
804 3964 864 4026 vin
894 3960 1065 4048 estquod
1100 3980 1307 4048 moneamus3

129 4115 281 4197 optamus
308 4115 436 4178 tantum
465 4116 501 4177 ut
529 4111 607 4178 inde
636 4111 761 4198 aliquid
789 4113 899 4178 bonae
928 4113 1038 4201 frugis
1067 4110 1112 4177 ad
1133 4110 1307 4177 Platonem

130 4265 222 4328 reete
244 4261 500 4351 intelligendum
523 4260 699 4328 redundet.
