3334 5142
500 1197 503 1206 ’
600 1204 910 1340 ‘Reipublicae
938 1224 1060 1317 liber
1087 1182 1304 1341 decimus.

774 1609 1135 1677 mmor.
1170 1597 1172 1603 ’

456 1802 527 1869 Καὶ
552 1795 631 1889 μὴν,
662 1785 702 1885 ἦν
723 1797 768 1870 δ’
779 1799 858 1889 lyci,
879 1799 986 1870 πολλὰ
1006 1808 1067 1890 μέν
1087 1806 1142 1869 καὶ
1155 1742 1252 1871 ἄλλα
1266 1807 1363 1896 περὶ
1368 1800 1473 1889 αὐτῆς
1498 1806 1549 1874 έν

372 1904 451 1984 νοῶ,
485 1901 528 1986 ὡς
555 1902 681 1986 παντὸς
709 1902 776 1997 ἄρα
800 1906 928 1994 μᾶλλον
949 1898 1065 2025 ὀρθῶς
1087 1902 1296 2000 ῳκίζομεν
1261 1929 1322 1991 νην
1341 1904 1453 1991 πόλον,
1488 1907 1550 2000 οὐχ

372 1999 555 2090 ἥκισεαδὲ
584 2012 804 2097 ἐνθυμηθεὶς
818 2014 891 2101 περὶ
918 2005 1079 2092 ποιήσεως
1106 2014 1198 2097 λέγω.
1245 2008 1308 2079 Τὸ
1321 2017 1434 2097 ποῖον;
1471 2013 1547 2106 ἔφη.

376 2108 423 2179 Τὸ
452 2114 587 2209 μηδαμῇ
617 2117 873 2202 παραδέχεσθαι
900 2109 1004 2196 αὐτῆς
1031 2104 1094 2197 σ’ση
1121 2110 1291 2208 μιμητική.
1326 2114 1453 2196 παντὸς
1479 2116 1547 2209 γὰρ

371 2216 498 2302 μᾶλλον
526 2212 568 2284 οὐ
596 2221 803 2308 παραδεκτέα
831 2218 889 2285 νῦν
917 2222 972 2285 καὶ
1000 2219 1245 2309 ἐναργέστερον,
1265 2213 1321 2299 ὡς
1349 2222 1421 2308 ἐμοὶ
1442 2224 1546 2303 δοκεῖ,

365 2319 542 2411 Ιφαίνεται,
549 2319 674 2404 ἐπειδὴ
693 2327 793 2414 χωρὶς
814 2324 944 2389 ἕκαστα.
960 2315 1170 2414 δεῃρηται
1134 2342 1176 2387 τα
1198 2322 1257 2406 τῆς
1277 2324 1389 2415 ψυχῆς
1410 2326 1493 2408 εἴδη.
1517 2350 1546 2395 κ.

371 2446 409 2490 π’
422 2425 446 2491 ἕ.
489 2424 602 2492 Hicin
623 2423 686 2492 fine
707 2424 814 2513 operis
836 2430 899 2491 iam
920 2424 1027 2492 omnia
1046 2446 1137 2513 qnae
1152 2429 1191 2491 de
1215 2425 1400 2511 Republica,
1422 2436 1458 2495 ut
1475 2430 1548 2517 ‘ipsc

317 2556 321 2565 ¹
371 2528 424 2609 ait
447 2528 541 2596 dieta.
551 2538 641 2595 erant
661 2529 841 2597 considerat
860 2519 1015 2610 Socrates,
1036 2528 1198 2625 paulisper
1219 2528 1321 2597 adhuc
1342 2530 1437 2599 iniis
1458 2554 1548 2601 com·

371 2641 561 2709 moraturus,
584 2653 665 2720 quae
686 2633 913 2701 accuratiorem
935 2620 1175 2717 explicationem
1189 2636 1241 2700 vel
1255 2632 1474 2703 defensionem
1489 2641 1546 2705 ad·

370 2737 496 2805 mittere
517 2731 711 2804 viderentur.
756 2741 792 2803 In
813 2739 863 2804 his
884 2757 962 2804 vero
983 2738 1152 2823 praecipue
1174 2736 1373 2816 occurrebat,
1398 2740 1484 2827 quod
1504 2741 1545 2809 de

368 2841 472 2926 potitis
500 2842 617 2907 dictum
644 2849 714 2907 erat
740 2853 796 2910 'cos
823 2844 856 2907 iu
877 2826 1035 2907 civitatem
1058 2838 1259 2925 recipiendos
1279 2861 1344 2909 non
1365 2864 1445 2911 esse
1493 2844 1542 2911 cf.

369 2944 425 3015 lib
447 2946 503 3012 111.
527 2966 558 3033 p
581 2949 653 3017 998.
675 2966 744 3031 sqq.
791 2944 900 3011 Oritur
925 2943 1023 3029 igitur
1052 2942 1091 3009 dc
1119 2947 1178 3010 hac
1198 2963 1235 3012 re
1255 2966 1337 3012 nova
1360 2948 1543 3032 disputatio,

348 3061 350 3066 '
369 3052 459 3117 cuius
478 3053 543 3115 hac
559 3056 669 3133 partes
689 3056 776 3115 sunt«
800 3049 957 3117 ‘Primum
979 3046 1112 3115 docetur
1133 3068 1203 3115 esso
1224 3048 1284 3115 triu
1297 3069 1406 3119 rerum
1422 3072 1542 3139 genera

371 3154 400 3240 1)
422 3156 511 3220 ideas
518 3176 528 3234 ;
555 3151 586 3239 2)
602 3174 661 3220 res
681 3150 780 3218 oculis
801 3159 834 3217 et
854 3148 998 3219 sensibus
1019 3151 1192 3231 subiectam
1223 3152 1252 3237 3)
1275 3151 1452 3229 simulacra.
1497 3160 1543 3223 Ea

369 3261 482 3345 eodem
507 3256 569 3323 hoc
589 3255 701 3323 ordine
723 3258 765 3321 ad
785 3254 950 3322 veritatem
977 3253 1128 3321 accedere
1155 3262 1208 3322 eut
1236 3258 1286 3321 εἰν
1306 3277 1345 3323 ea
1370 3261 1539 3326 'recedere

370 3363 475 3444 Quum
495 3368 608 3447 poetae
627 3359 663 3426 in
682 3358 855 3426 imitatione
876 3364 906 3431 h.
928 3380 956 3425 c.
977 3357 1062 3439 circa
1084 3358 1251 3429 simulacra
1264 3369 1442 3440 versentur,
1464 3362 1550 3429 nihii

368 3468 436 3547 scri
457 3465 560 3531 inesse
582 3486 693 3531 eorum
714 3462 866 3549 operibus
886 3484 919 3551 p.·
940 3466 1014 3529 595.
1027 3483 1110 3550 -p.
1134 3465 1266 3533 598.,1).
1305 3466 1341 3530 Id
1357 3464 1452 3531 etiam
1467 3467 1541 3533 inde

367 3570 513 3659 probari,
541 3572 627 3656 quod
652 3576 765 3653 poitae
787 3584 946 3657 nunqnam
969 3565 1029 3651 ipsi
1051 3566 1215 3632 effecerint
1236 3588 1274 3631 ca
1296 3564 1335 3633 dc
1357 3567 1473 3655 quibus
1495 3570 1543 3637 io·

368 3674 514 3763 quantur,
536 3681 760 3760 quumtnmen
778 3681 1021 3739 consentaneum
1043 3674 1083 3735 sit
1103 3669 1197 3736 malle
1218 3669 1366 3756 aliquem,
1383 3670 1417 3737 εἰ
1428 3676 1540 3755 possit,

368 3798 500 3863 operum
521 3775 765 3848 artificemessc
785 3796 882 3861 quam
909 3772 1170 3860 praedicatorem.
1214 3777 1291 3841 Esse
1322 3783 1426 3859 autem
1454 3774 1542 3844 circa

367 3875 620 3969 unamquamque
640 3900 709 3947 rem
729 3889 794 3948 tres
814 3888 914 3955 artes,
941 3880 1161 3969 χρησομένην,
1190 3871 1412 3961 ποιήσουσαν,
1436 3906 1539 3966 μιμηγ

368 3982 474 4067 εικὴν,
491 3986 625 4071 primam
646 3988 765 4052 habers
786 3982 966 4058 scientiam,
988 3980 1117 4048 alterum
1140 3977 1323 4067 opinionem
1344 4002 1470 4060 veram,
1494 3983 1540 4050 ita

369 4097 405 4155 ut
423 4088 483 4156 hoc
504 4092 597 4157 otiam
619 4092 715 4156 modo
736 4090 829 4154 tertio
851 4090 953 4172 gradu
972 4108 991 4151 a
1012 4086 1229 4151 vero‘distnre
1249 4084 1456 4153 imitationem
1480 4108 1539 4175 ap-

371 4201 491 4281 pareat.
511 4216 544 4279 p.
569 4195 631 4260 598
652 4196 687 4264 Ε.
707 4226 750 4243 ·-
770 4195 833 4257 602
853 4194 889 4263 B.
916 4187 979 4257 ‘Ab
1007 4186 1068 4256 hoc
1095 4189 1169 4271 inde
1189 4188 1261 4258 loco
1283 4193 1374 4285 docet
1388 4190 1538 4287 philoso-

369 4300 467 4386 phus,
498 4296 585 4386 quod
609 4293 767 4386 μιμητική
787 4315 901 4364 munus
922 4314 1014 4363 suum
1034 4290 1177 4379 perficiat
1196 4295 1231 4361 in
1252 4314 1291 4364 cn
1310 4296 1405 4363 enimi
1425 4303 1535 4383 purte,
