3334 5142
583 426 814 501 -ttd-

111 595 286 672 τοιαῦτα
306 595 429 665 πλείω
451 598 583 691 λέγῃς,
604 583 726 677 ἧττον
747 590 991 689 ἆῳεθὴοη
973 591 1035 690 οφ
1059 590 1165 683 ἡμῶν
1185 594 1285 688 πρὸς

111 698 155 767 τὸ
176 698 229 788 μὴ
252 696 399 781 εἰπεῖν,
420 726 473 781 πη
457 695 651 781 δυνατὴ
668 698 896 785 γίγνεσθαι
919 692 1018 782 adun
1040 696 1061 781 ἡ
1083 702 1284 771 πολιτεία

109 799 196 869 ἀλλὰ
219 807 367 891 λέγεκαὶ
387 799 436 889 μὴ
456 799 614 890 ὃοάτριβε.
656 806 728 872 Noa
749 802 842 869 aliam
864 794 959 871 buius
982 806 1187 873 cunctationis
1208 820 1284 873 snae

109 910 256 975 Socrates
276 907 436 975 rationem
453 906 558 984 ebert,
581 928 675 993 mam
696 907 844 974 timorem
863 916 929 993 quo
944 908 1147 995 praepeditus
1161 912 1202 975 sit
1220 932 1284 998 quo

107 1012 213 1080 minus
240 1019 303 1077 tam
330 1007 473 1079 difficiles
501 1032 554 1077 res
583 1018 706 1077 ettam
733 996 870 1077 arduas
879 1011 1069 1099 explicaret
1107 1016 1186 1079 Sunt
1206 1004 1303 1094 baec

108 1119 222 1183 eadem
244 1136 315 1183 cnm
336 1116 391 1192 iis,
422 1134 504 1201 quae
524 1118 638 1202 quinti
644 1114 720 1181 libri
740 1118 832 1183 initio
853 1117 1016 1201 leguntur,
1045 1136 1146 1201 quae,
1169 1140 1286 1219 parum

107 1218 267 1289 intellecta
288 1216 328 1283 ab
349 1216 586 1308 interpretibus,
607 1216 793 1300 olfecerunt,
815 1226 852 1285 ut
872 1228 938 1285 tres
954 1219 1194 1299 boslibros,1n
1214 1223 1284 1311 qui·

106 1326 169 1389 bus
189 1343 363 1398 vemamur,
385 1342 446 1405 pro
467 1322 661 1399 ἐπεισοδίοις
680 1323 845 1389 haberent.
876 1327 1030 1409 Utroque
1050 1324 1121 1391 loco
1137 1329 1283 1395 Socrates

107 1435 195 1493 totus
217 1426 296 1493 est
286 1448 318 1493 m
339 1425 526 1509 explicanda
546 1425 609 1491 alia
629 1446 664 1497 re
686 1430 839 1512 quadam,
869 1435 1006 1515 utroque
1027 1427 1098 1495 loco
1120 1438 1285 1504 cunctatur

107 1539 140 1596 ct
160 1533 264 1607 timet,
287 1529 479 1615 tandemque
497 1529 593 1596 veluti
614 1536 724 1601 corba
744 1530 938 1604 voluntatem
956 1549 1045 1601 suam
1060 1530 1100 1599 ad
1115 1533 1283 1604 dicendum

107 1635 258 1720 adiqimr.
301 1638 338 1703 Id
358 1635 584 1710 tantnm'inter
604 1642 773 1721 utramque
792 1634 899 1705 locum
922 1635 1110 1704 discriminis
1131 1638 1280 1715 interest,

107 1737 195 1825 quod
215 1742 280 1805 boc
300 1742 372 1805 loco
394 1741 539 1804 Socrates
561 1745 740 1813 cunctatur,
772 1747 808 1805 ut
829 1760 883 1805 eas
903 1762 956 1805 res
979 1740 1135 1827 explicare
1156 1751 1280 1827 posset,

107 1862 207 1928 quas,
238 1843 361 1908 edumei
388 1840 429 1907 ad
449 1838 556 1927 operis
576 1862 689 1907 verum
702 1840 804 1908 'finem
823 1842 1021 1911 necessariae
1043 1853 1165 1923 essent,
1196 1845 1284 1914 audis

106 1956 201 2013 tores
224 1946 377 2031 explicari
406 1946 490 2014 nolle
516 1949 714 2023 riderentur,
740 1946 796 2013 illo
816 1968 910 2022 vero,
939 1958 975 2015 ut
995 1952 1284 2027 voluntatieorum

108 2051 163 2137 qui
185 2049 356 2118 audiebant
376 2048 598 2135 obtemperans
620 2050 660 2117 de
677 2051 716 2117 iis
736 2054 832 2118 rebus
854 2052 960 2119 dicere
974 2061 1092 2136 posset,
1117 2074 1196 2140 quae
1212 2074 1284 2121 cum

105 2176 187 2222 vcro
210 2158 316 2241 operis
336 2153 399 2222 line
421 2157 607 2236 coniunctae
625 2157 764 2221 fuerunt.
788 2160 792 2165 ’
810 2159 893 2223 Num
909 2160 985 2241 quid
1002 2158 1097 2243 igitur
1108 2158 1171 2223 'alio
1187 2157 1283 2225 modo

106 2259 148 2325 de
175 2258 279 2345 quinti
304 2258 377 2325 libri
405 2257 495 2324 initio
525 2258 751 2336 iudicabimus,
782 2280 876 2347 quam
908 2253 954 2325 de¹
968 2258 1029 2327 boe
1050 2261 1120 2327 loco
1143 2262 1283 2329 iudicare

107 2364 277 2449 cogimur?
320 2364 491 2447 Utrumque
513 2364 634 2430 seilicet
654 2363 817 2446 pertinere
846 2368 888 2431 ad
913 2382 1024 2431 verum
1047 2365 1154 2449 operis
1175 2364 1281 2433 fimus.

105 2473 153 2533 lta
175 2474 285 2551 patent
305 2474 388 2532 artes
407 2466 556 2541 Platonis,
578 2466 693 2553 quibus
712 2469 867 2533 rationem
888 2470 1024 2555 partium
1044 2468 1284 2555 dialogifinem·

106 2591 172 2656 que
200 2573 270 2640 eius
298 2567 429 2635 celabat
473 2571 535 2634 Sed
562 2568 777 2656 expendamus
804 2573 899 2637 etiam
932 2572 1112 2657 diligentius
1147 2574 1281 2657 singula.

105 2679 157 2742 Eo
183 2674 289 2751 enim,
321 2676 407 2760 quod
428 2670 469 2737 ab
490 2669 542 2737 iis
551 2673 739 2759 quibuscum
765 2674 1006 2760 colloquebatur
1028 2678 1172 2743 Socrates
1194 2677 1307 2763 quasi,

106 2779 250 2845 incursio
269 2775 305 2843 lit
324 2779 359 2860 in
379 2797 557 2845 sermonem
586 2777 672 2855 eius,
704 2776 827 2845 adalia
849 2780 969 2851 omnia,
999 2800 1080 2863 quae
1101 2777 1163 2866 ipsi
1185 2780 1285 2866 expli·

107 2882 176 2949 cari
195 2903 261 2949 non
281 2884 428 2966 cupiant,
447 2879 640 2961 abemantis,
662 2879 709 2947 de
723 2880 898 2965 Republica
919 2890 1023 2951 tamen
1043 2902 1118 2949 vere
1141 2884 1283 2961 dicentis,

108 2990 280 3053 adiuvatur
307 2987 446 3054 Socratis
463 2987 650 3062 ¹simulatio,
681 3006 716 3051 se
730 2984 871 3073 propter
890 2986 1038 3053 timorem
1059 2995 1091 3053 et
1112 2986 1282 3073 ignauiam,

109 3090 149 3157 of.
174 3114 208 3175 p.
230 3093 311 3167 457,
342 3093 401 3165 E„
432 3091 473 3155 ad
499 3087 639 3176 reliquas
660 3091 815 3157 sermonis
837 3097 942 3176 partes
963 3110 1027 3157 non
1049 3089 1222 3167 accedere,
1253 3098 1285 3156 et

108 3195 267 3263 retinetur
292 3194 337 3261 ita
364 3214 403 3260 ea
430 3195 572 3281 species,
601 3192 798 3280 qnasiquec
817 3197 923 3259 omnia
943 3215 1050 3261 merae
1072 3194 1284 3281 digressiones

108 3300 190 3375 sint,
220 3287 352 3365 et-vere
373 3305 518 3364 versatur
539 3298 652 3384 Operis
673 3295 744 3361 linis
765 3301 799 3363 in
818 3297 965 3372 iustitia,¹
981 3302 1021 3365 dc
1041 3320 1103 3384 qua
1125 3308 1230 3365 umen
1251 3301 1285 3365 in

108 3406 159 3469 his
178 3423 288 3469 sermo
309 3404 438 3468 omnino
458 3422 523 3466 non
545 3408 605 3477 est,
627 3408 663 3466 ut
683 3395 795 3467 omnes
814 3403 962 3469 fatentur.
1006 3406 1082 3469 Tam
1096 3402 1284 3471 inhumanos

110 3506 195 3573 enim
222 3526 318 3571 nemo
344 3507 443 3571 luisse
470 3524 545 3570 vere
572 3505 695 3592 putabit
720 3524 793 3580 eos,
828 3508 1016 3591 quibuscum
1030 3506 1284 3592 colloquebatur

110 3614 267 3682 Socrates,
288 3617 325 3675 ut
342 3608 493 3675 orationis
508 3606 577 3673 eius
591 3595 717 3675 cursum
731 3607 946 3691 perturbatori
959 3610 1101 3677 fuissent.
1148 3612 1283 3675 Subesse

109 3717 209 3799 igitur
230 3712 462 3782 simulationem
481 3702 578 3797 patet
619 3715 661 3781 Et
689 3714 771 3777 baec
797 3732 856 3779 nos
886 3734 981 3779 causa
1006 3713 1176 3801 praecipue
1198 3734 1283 3781 com-

109 3819 222 3894 movit,
245 3837 303 3882 cur
323 3818 464 3883 omnium
481 3815 626 3883 codicum
647 3816 813 3883 lectionem
836 3821 1161 3907 στρατευομένῳ,
1180 3817 1282 3893 alteri,

110 3925 151 3987 ab
187 3919 324 3988 Orellio
343 3921 498 4005 sagaciter
531 3924 745 4005 encogitatae,
781 3928 936 4008 receptae
963 3944 984 3989 a
1015 3920 1218 3989 Stallbaunrio
1251 3918 1292 3987 et¹

112 4023 327 4101 Schneiderc,
356 4027 412 4109 qui
440 4032 546 4091 umen
573 4024 660 4091 illam
686 4024 838 4109 explicari
862 4046 955 4112 posse
976 4033 1115 4113 putaret,
1146 4034 1181 4091 ut
1205 4029 1283 4093 orel

111 4131 241 4193 Sorates
266 4132 396 4211 operam
423 4127 458 4206 in
484 4128 688 4197 describenda
716 4150 754 4195 re
780 4129 908 4198 militari
935 4132 1068 4213 positam
1091 4150 1163 4196 cum
1183 4132 1283 4216 ¹ipsius

111 4231 245 4297 militiae
264 4228 426 4297 laboribus
438 4252 641 4319 ‘comparans
660 4233 834 4308 licentiam,
856 4252 938 4319 quac
959 4233 1110 4302 militibus
1131 4232 1165 4308 in
1188 4246 1283 4317 erpe-

111 4333 289 4405 ditionibus
308 4337 454 4422 permitti
471 4338 580 4415 soleat,
601 4336 663 4405 sibi
678 4346 835 4427 negatam,
858 4340 911 4407 rel
926 4341 1000 4405 dnm
1012 4339 1081 4425 ipse
1096 4336 1171 4407 belli
1189 4357 1283 4407 causa
