3334 5142
601 334 829 404 ..ppp-

123 523 188 570 nou
207 498 354 586 vulgares
378 499 528 567 credonis
543 494 766 585 dispescendne
781 494 908 582 regulas
925 498 964 561 de
982 497 1140 564 renouat
1155 513 1176 563 u
1189 496 1290 584 mag-

123 606 196 674 stris
216 610 342 671 secutum
364 604 506 680 videtur,
533 604 590 667 sed
613 621 732 667 summa
754 603 822 665 eius
843 599 896 667 lex
918 600 989 677 tuit,
1009 620 1080 687 quo
1095 588 1170 671 loce
1193 616 1290 689 quac-¹

123 730 187 797 que
210 711 314 799 posita
336 704 507 791 plurimum
530 706 687 780 valerent,
719 726 785 791 qno
805 708 902 772 modo
922 704 1207 797 singulatquaeque
1224 708 1292 773 dis·

123 812 272 899 ponenda
295 819 417 888 essent,
447 819 482 875 ut
501 812 550 876 vis
578 808 695 893 dialogi
719 808 891 876 dramatica
912 816 944 875 et
965 808 1164 895 pulchritudo
1186 810 1292 897 operis

125 916 338 984 adiuvaretur.
384 916 593 981 Conseruntur
618 934 700 998 quae
724 916 808 980 bunc
834 915 868 979 in
889 911 984 979 finem
1009 911 1049 981 de
1062 916 1293 981 ,Demosthenis

125 1019 271 1086 oratione
291 1020 430 1084 omnium
446 1017 657 1104 pulcherrima
673 1037 732 1099 pro
755 1037 873 1081 corona
892 1024 983 1081 antea
998 1016 1143 1095 diximus,
1165 1026 1293 1104 atquae
1388 1026 1394 1040 ‘

128 1125 236 1188 Cicero
259 1123 295 1187 in
324 1126 422 1187 Bruto
451 1142 477 1187 c.
499 1124 549 1187 37.
571 1120 611 1186 de
636 1119 773 1186 Antonio
796 1119 923 1206 egregie
950 1110 1041 1186 dicits
1076 1122 1211 1189 «Omnia
1239 1143 1295 1189 re·

30 1219 31 1224 ’
126 1225 255 1309 niebant
278 1226 414 1291 Antonio
439 1228 473 1290 in
496 1230 652 1302 mentem3
680 1244 779 1308 eaque
798 1244 857 1291 suo
878 1244 1022 1310 quaeque
1042 1224 1123 1303 loco,
1147 1227 1203 1291 ubi
1224 1224 1294 1313 plu-

126 1333 242 1397 rimum
267 1327 423 1416 prolicere
445 1336 477 1393 et
500 1327 607 1393 valere
632 1336 776 1420 possent,
811 1327 848 1392 u't
875 1324 914 1391 ab
940 1330 1131 1415 imperatore
1156 1328 1294 1417 equites,

127 1436 266 1518 pedites,
289 1432 368 1498 levis
392 1439 559 1510 armatura,
591 1431 636 1496 sic
663 1429 777 1498 abillo
801 1430 835 1497 in
857 1430 992 1498 maxime
1018 1433 1204 1520 opportunis
1226 1453 1297 1500 ora-

127 1522 222 1603 tionis
253 1534 395 1620 partibus
428 1533 695 1604 collocabantur.»
741 1537 798 1600 His
827 1535 961 1602 addatur
988 1537 1148 1621 Ciceronis
1168 1558 1298 1625 praeoee

128 1650 218 1725 ptum
239 1642 273 1710 in
292 1630 426 1706 Oratore
447 1660 476 1705 e.
503 1644 558 1706 15:
590 1643 654 1706 ade
675 1638 861 1727 firmissimis
882 1640 942 1706 alia
970 1643 1072 1727 prima
1086 1649 1211 1725 xvponet,
1237 1642 1298 1713 alia

128 1753 288 1831 postrema
299 1746 530 1829 inculcabitque
551 1743 702 1809 leviora.»
737 1748 783 1809 lta
803 1745 903 1827 igitur
921 1743 1187 1823 videndumerat
1200 1752 1238 1827 ut
1258 1748 1299 1811 ad
1362 1808 1365 1813 .

129 1847 283 1932 ampliora
317 1869 444 1935 semper
473 1842 661 1932 exsurgeret
692 1849 811 1930 oratio,
834 1854 879 1929 ,ut
907 1845 1062 1913 lectorum
1090 1850 1300 1940 cognoscendi

131 1961 243 2020 cuncta
263 1951 402 2018 studium
421 1942 548 2037 semper
570 1957 734 2027 cresceret,
756 1959 792 2017 ut
811 1939 953 2018 faciliora
967 1948 1199 2017 difficilioribus
1212 1960 1300 2018 recte

129 2056 357 2133 miscerentur,
394 2063 430 2121 ut
462 2045 641 2135 cavereturv
657 2076 699 2119 ne
732 2055 989 2137 defatigarentur,
1010 2056 1157 2122 lectores.
1213 2058 1301 2133 Quae

131 2167 243 2225 cuncta
272 2161 317 2224 ita
346 2160 572 2244 assequebatur
599 2158 705 2234 Plato,
738 2161 766 2223 si
787 2159 820 2223 in
840 2160 919 2225 duas
939 2164 1067 2243 partes,
1104 2162 1189 2244 quod
1210 2161 1300 2225 initio

131 2261 232 2350 quinti
252 2260 329 2327 libri
346 2262 521 2336 ,indicatum
542 2260 687 2345 vidimus,
709 2263 771 2328 boc
789 2282 869 2345 opus
884 2260 1096 2339 distribueret,
1113 2261 1152 2327 in
1167 2281 1302 2349 quarum

131 2368 242 2455 priore
270 2366 506 2432 describeretur
533 2364 722 2449 Respublica
744 2385 785 2429 er
805 2363 940 2432 iustitiae
961 2366 1120 2450 principio
1142 2368 1304 2445 derivata,

132 2472 165 2538 in
186 2470 286 2536 altera
306 2465 511 2552 Respublica,
547 2470 597 2533 cui
625 2470 796 2534 ideaboni
817 2488 974 2536 summum
995 2472 1185 2556 principium
1207 2478 1302 2547 esset,

131 2574 326 2660 interpositis
345 2574 504 2657 utrimque
526 2570 762 2664 quaestionibus
784 2571 927 2664 politicis!
942 2570 1064 2638 facilius
1080 2572 1302 2661 intelligendis,

134 2676 246 2766 qualia·
269 2682 341 2741 snnt
368 2676 400 2740 in
429 2678 538 2759 priore
559 2676 667 2759 operis
687 2683 777 2760 parte
798 2676 939 2742 instituta
958 2676 1164 2761 Reipublicae
1183 2679 1282 2764 ipsius
1289 2719 1302 2753 ‚

133 2780 167 2847 in
192 2784 251 2848 bac
280 2782 423 2845 doctrina
454 2784 494 2845 de
520 2781 662 2845 virorum
692 2780 923 2863 mulierumque
952 2778 1194 2857 commuuione,
1213 2780 1300 2846 alia.

134 2886 210 2949 Iam*
226 2882 327 2969 lingas
353 2882 410 2948 tibi
437 2885 619 2959 Platonem,
649 2886 734 2968 quod
760 2881 841 2948 fieri·
859 2904 933 2959 sape
961 2885 1135 2967 potuisset,
1166 2889 1197 2949 ot
1217 2884 1305 2968 qnod

128 2994 277 3054 secutum
298 2985 443 3053 videmus
466 2988 650 3053 Ciceronem
670 2988 704 3050 in
726 2987 858 3053 Oratore
872 3008 909 3061 c.
934 2990 984 3064 3.,
1009 2988 1201 3075 contrariam
1220 2988 1304 3055 uam

134 3090 314 3175 ingressum
341 3112 443 3166 esse„
460 3088 633 3177 ordientem
661 3112 681 3155 a
708 3089 844 3166 iustitia,
878 3097 1094 3174 assurgentem
1124 3088 1245 3161 deinde
1265 3088 1306 3157 ad

134 3192 240 3259 ideam
261 3193 360 3272 boni,¹
374 3216 459 3279 quae.
476 3201 548 3259 sunt
568 3193 724 3277 principia
745 3190 985 3269 civitatis,tum
1007 3192 1308 3285 periectam‘cirita-

135 3305 202 3363 tam
223 3306 467 3376 exstruentem,
483 3300 578 3362 modo
600 3296 688 3363 illius·
705 3295 799 3363 modo
820 3298 913 3363 huius
934 3300 1056 3365 ratione
1077 3300 1204 3379 habita:
1235 3318 1308 3363 sen·

135 3404 218 3467 tisne
239 3403 495 3485 perturbaturum
517 3399 625 3466 omnia
645 3401 754 3474 fuisse,
776 3409 809 3465 et
830 3402 1027 3471 interituram
1048 3402 1092 3478 ita
1113 3401 1177 3469 vim
1191 3398 1308 3485 dialogi

137 3503 357 3581 dramaticum,
380 3503 581 3571 interiturum
600 3504 770 3580 lectorum,
800 3503 875 3588 quia
903 3506 944 3569 ad
973 3506 1085 3581 altiora
1107 3525 1232 3592 semper
1248 3524 1308 3573 ‚ex-

30 3652 31 3655 =
137 3630 269 3693 surgere
302 3607 478 3674 orationem
507 3607 735 3691 intelligerent,
771 3606 982 3691 cognoscendi
1010 3616 1120 3683 cuncta
1147 3610 1306 3677 studium?

137 3718 206 3779 lam
228 3714 324 3796 igitur
344 3711 454 3778 lectori
476 3709 654 3797 eligendum
675 3710 751 3787 erit,
778 3718 883 3777 utrum
910 3731 980 3775 cum
1001 3711 1130 3777 Platone
1151 3712 1184 3778 in
1205 3717 1310 3795 Repu-

138 3814 223 3881 blica
249 3836 388 3905 sumere
402 3814 498 3890 velit,
531 3814 681 3880 iustitiam
710 3834 779 3879 esse
808 3811 841 3877 id
869 3818 955 3899 quod
972 3823 1153 3899 quaeratur
1184 3816 1218 3881 in
1249 3814 1321 3902 boc'

30 3983 31 3986 ,
141 3940 257 4003 opere,
287 3919 328 3983 an
348 3939 419 3983 cum
442 3921 555 3983 eodem
576 3920 706 3983 Platone
727 3918 761 3980 in
783 3916 912 3983 Timaeo
934 3922 1097 3992 statueres
1120 3925 1221 3985 totum
1242 3936 1310 3983 ser-

141 4044 267 4088 monem
289 4022 330 4088 ad
351 4022 589 4105 Rempublicam
609 4022 781 4108 pertinere.
823 4025 902 4087 Nam
931 4021 1010 4087 aliae
1036 4021 1248 4105 recentiorum
1270 4020 1310 4109 de

141 4124 204 4192 line
233 4128 341 4210 operis
368 4124 534 4212 opiniones
559 4131 680 4192 tantum
708 4131 781 4191 sunt
808 4145 868 4210 pro
889 4123 1022 4192 arbitrio
1044 4124 1208 4201 confictae,
1238 4134 1311 4191 'non

143 4251 183 4298 ex
210 4229 311 4319 ipsius
336 4231 473 4328 Platonis
498 4231 679 4298 testimonio
705 4224 878 4331 'desumtse
892 4308 895 4312 p
909 4228 956 4331 *si
983 4228 1060 4297 illud
1090 4250 1211 4307 sumas,
1244 4238 1312 4299 tum

1097 4348 1137 4412 14
