3334 5142
836 416 878 445 ιω
922 392 985 460 188
1023 414 1065 445 ιι*-

337 582 340 589 ·
367 573 497 623 ιιιοιιιιιιι
519 547 683 640 apparatu.
728 551 794 619 lle'o'
816 564 894 621 vero
915 552 995 619 hano
1017 552 1272 642 depuilosophts
1295 537 1542 643 dispn6ntionem

365 660 505 751 ipsorum
520 656 786 745 philosophorum
804 660 905 741 gratia
923 660 1102 724 instituisse
1113 662 1270 742 putandus
1288 668 1344 736 est,
1367 682 1465 746 quum
1485 680 1542 726 eos

364 749 590 849 rempublicam
611 780 734 847 ,regere
760 763 881 826 dehere
909 762 1022 847 dicat,
1036 767 1073 831 εξ
1102 762 1199 829 velint
1230 778 1254 829 s·
1287 754 1423 829 nolint.v
1460 767 1542 830 Nam

365 865 455 931 nolle*
469 886 524 931 eos
544 866 646 944 multo
667 868 767 950 magis
791 865 1026 941 credibilessest,
1060 868 1087 931 si
1107 866 1235 952 quidem
1257 871 1332 933 vere
1358 868 1542 952 philosophi

367 972 601 1055 sint,··ea1‘nque
619 982 729 1035 'cunam
750 957 908 1047 non-sua,
936 968 990 1035 εοδ
1017 968 1149 1035 aliorum
1172 971 1272 1055 gratia
1293 974 1482 1059 suscipiant,
1506 980 1544 1038 ut

366 1073 483 1139 dictum
507 1071 631 1139 estlih.
656 1076 681 1139 L
702 1094 733 1161 p.
756 1077 834 1151 347,
859 1076 892 1140 G.
916 1064 1071 1140 56666
1093 1070 1267 1141 κινδυνεύει
1291 1072 1467 1143 τδέκὸντα
1490 1076 1543 1142 έπὶ

365 1174 403 1242 τὸ
421 1174 544 1266 ἄρχειν
573 1173 653 1244 ἰέναι
688 1172 775 1243 ολλλολ
800 1174 846 1265 μὴ
875 1172 1019 1263 ολνολγκην
1047 1181 1226 1265 περιμένειν
1255 1174 1393 1267 αἰσχρὸν
1407 1178 1543 1267 νενομί-

366 1284 477 1347 οθοιι.
488 1281 547 1361 τῆς
567 1284 603 1347 δέ
624 1281 741 1368 ζημίας
761 1281 876 1405 μεγίχη
897 1278 935 1347 τὸ
957 1277 1020 1347 ιλπιλ
1033 1285 1263 1372 ῖγπονιροτέρου
1280 1279 1503 1403 ἄρχεσθαι,
1484 1279 1543 1349 εὰν

365 1380 410 1507 μὴ
431 1379 533 1488 αιλτὸς
544 1380 701 1478 έθέλχ”
679 1385 798 1475 αρχειν
819 1378 860 1464 ἣν
875 1385 1039 1473 δείσαντές
1053 1409 1122 1471 μοι
1126 1386 1305 1513 ιχαίνονται
1318 1382 1441 1475 ιλίρχειν,
1460 1378 1545 1453 ὅταν

366 1484 526 1576 ἄρχωσιν,
555 1491 587 1553 οἱ
614 1489 770 1564 ἐπιεικεῖς.
798 1492 858 1553 καλ
883 1483 956 1554 τότε
978 1488 1129 1577 ἔρχονται
1150 1490 1200 1554 ἐπὶ
1223 1486 1276 1555 τὸ
1283 1486 1393 1577 ὂίρχειν
1414 1486 1477 1578 οιλχ
1499 1486 1544 1568 ὡς

366 1587 413 1657 ἐπ’
435 1587 574 1677 ιλγαθόν
594 1610 628 1657 τι
650 1586 753 1668 ἰόντες
775 1586 846 1662 οὐδ’
871 1587 916 1669 ιλς
937 1562 1186 1673 έυπαθιλοοντες
1208 1593 1244 1658 έν
1263 1588 1367 1684 αὐτῷ,
1397 1588 1467 1660 ἀλλ’
1499 1588 1544 1671 ὡς

365 1689 410 1761 ἔπ’
434 1690 615 1821 ρλναγιιαῖον
636 1700 692 1761 καλ
713 1690 1251 1783 οιλκ·ἑχοντεςτέαυτολνβελτίοσίιι
1267 1697 1448 1791 ’ἐπιτρέψαι
1463 1692 1544 1763 οιλδὲ

366 1792 503 1885 ὁμοίοις.
542 1800 623 1865 ἐπεὶ
638 1792 825 1865 κινδυνεύει
851 1794 974 1875 πόλις
1005 1794 1165 1889 ολνδρολν
1195 1794 1371 1920 ἀγαθῶν
1407 1796 1445 1866 εί
1473 1803 1544 1886 γέ-

365 1925 503 1981 νοιτο,
520 1895 749 1991 περιμάχητον
770 1897 811 1967 ιλίν
833 1892 972 1967 εἶναι
940 1926 977 1967 το
998 1898 1043 1987 μὴ
1065 1896 1176 1990 ἰίρχειλ
1190 1894 1304 2024 ιλλοντερ
1325 1908 1397 1971 νυνὶ
1418 1900 1457 1969 τὸ
1481 1900 1544 1993 δίρ-

362 2031 442 2094 χειν,
467 2021 523 2072 και
511 2002 733 2072 ένταιλθα”
711 2028 752 2071 αν
773 1994 964 2095 καταφανές
975 1998 1197 2090 γενέσθαι,“
1177 2030 1230 2072 οτι
1247 2008 1297 2098 τῷ
1319 2003 1395 2073 ὄντι
1411 2002 1545 2127 ἀληθι-

365 2108 428 2187 νὸς.
450 2105 559 2197 οίρχλιν
587 2104 657 2175 οιλ
647 2113 783 2201 πέιχυκε
792 2106 943 2202 τὸοιιλτῷ
969 2108 1075 2229 ξυμιχέ
1075 2133 1134 2208 ρον
1156 2076 1377 2191 οιιοπεῖιλθιαι,
1392 2099 1480 2177 ολλλολ
1503 2106 1543 2175 τὸ

365 2214 412 2279 τὀλ
434 2209 615 2303 ἀρχομένω,
643 2204 702 2290 ίλςε
724 2214 789 2291 πολς
810 2209 866 2279 ιλλν
873 2207 892 2278 6
913 2208 1099 2299 γιγνώσκων
1121 2208 1159 2279 τὸ
1183 2208 1391 2314 ολιχελεῑοθοιι
1412 2215 1545 2300 ’μᾶλλον

365 2283 512 2383 έλοιτοτ
496 2341 557 2381 υπ
560 2312 727 2397 ἄλλον,
707 2344 727 2397 ιχ
749 2313 771 2381 ιλ
764 2313 851 2383 ’λλον
873 2311 1010 2409 ολιχελιῖιν
1026 2312 1207 2405 πράγματα
1229 2315 1319 2403 ἐχειν.
1363 2320 1441 2382 Nam
1465 2336 1544 2381 ean-

365 2418 439 2485 δειιι
461 2438 529 2498 asse
550 2424 715 2505 utriusque
733 2422 830 2500 huius·
848 2420 910 2486 loci
928 2420 1112 2485 sententiam
1134 2423 1240 2486 doceri
1260 2428 1365 2507 potest
1382 2430 1436 2497 eo,
1455 2418 1545 2507 quod

364 2524 398 2589 in
420 2531 556 2608 uinoque
577 2523 760 2607 philosophi
782 2524 968 2589 necessitate
992 2524 1034 2589 ad
1056 2524 1224 2611 imperium
1245 2524 1448 2612 Reipublicae
1473 2546 1545 2589 sus-

366 2627 546 2710 cipiendum
569 2635 732 2710 coguntur.
751 2653 758 2673 ·-
774 2632 828 2692 Et‘
834 2621 1031 2713 perspicitur
1051 2630 1094 2693 ita
1117 2646 1210 2714 quam
1236 2627 1305 2693 falsi
1329 2628 1451 2709 sintii,
1486 2628 1544 2715 qui
1642 2644 1643 2647 ’

365 2729 446 2796 hauno
468 2736 507 2795 de
528 2730 653 2795 civitate
679 2738 710 2795 et
734 2731 941 2816 philosophis
958 2732 1201 2818 disputationem
1223 2732 1359 2806 inslitiaa
1382 2732 1544 2819 explican-

366 2821 425 2914 dae
446 2853 542 2899 causa
566 2834 686 2899 institui
708 2844 865 2916 sumantu
890 2840 955 2900 Neo
973 2833 1089 2901 ‘contra
1116 2838 1175 2901 ista
1196 2839 1339 2901 uisuram
1365 2856 1434 2903 esse
1459 2836 1544 2901 mul-

365 2937 546 3014 titudinem,
584 2938 624 3003 si·
641 2945 728 3002 reete
744 2945 981 3025 'proponantun
1024 2942 1102 3004 Nam
1133 2938 1218 3023 'quod
1248 2940 1393 3026 plerique
1419 2940 1542 3005 inimici

365 3040 541 3128 infestique·
563 3044 624 3109 sint
647 3041 882 3129 philosophiae,
922 3042 989 3108 eius
1013 3044 1061 3107 rei
1077 3064 1211 3109 causam
1236 3042 1309 3109 inde
1332 3042 1541 3127 repetendam

367 3151 454 3226 esse,
483 3147 611 3231 quod”
588 3167 613 3209 ιι
637 3145 898 3232 philosophorum
923 3149 993 3211 loca
1012 3146 1197 3242 muniaqno
1206 3136 1384 3250 obtineant,
1413 3148 1471 3233 qui
1491 3148 1543 3212 in-

366 3248 462 3336 digni
481 3249 548 3313 sint
578 3254 664 3313 tanto
692 3252 831 3325 honore,
869 3253 1142 3357 λοιδορουμένοις
1167 3274 1200 3317 τε
1222 3248 1337 3329 οιιλτοῖς
1359 3256 1413 3319 καὶ
1437 3255 1541 3341 χιλο-

366 3348 627 3439 πεχθιγμιλνως’
608 3365 741 3443 εχοντίις
762 3358 817 3419 καὶ
839 3349 889 3420 ιλελ
910 3380 981 3443 περι
972 3349 1183 3444 ἀνθρώπων
1198 3350 1275 3432 τοιλς
1287 3349 1408 3440 λόγους
1423 3378 1542 3421 ποιου-

364 3459 498 3541 μένους,
533 3448 651 3537 ἥκιστα
678 3458 868 3558 χιλοοοιχίιχ
886 3462 1015 3549 πρέπον
1042 3458 1228 3535 ποιοῦντας.
1249 3452 1421 3523 Πολιλ’
1395 3484 1443 3542 γ,
1466 3456 1540 3549 ἔφη.

365 3555 448 3625 Οιλδέ
476 3554 557 3649 γάρ
570 3586 636 3627 που
644 3612 652 3642 ,
681 3558 706 3626 6
719 3556 931 3683 ῗΑδείμαχτε,
961 3558 1062 3649 σχολὴ
1091 3562 1137 3627 τῶ
1162 3584 1198 3643 γε
1228 3554 1271 3637 ὡς
1293 3559 1434 3641 ολλιγθολς
1456 3558 1541 3651 πρὸς

366 3668 435 3741 τοῖς
466 3650 542 3729 οιλοι
575 3660 634 3744 τὴν
668 3660 862 3731 διάνοιαν’
851 3664 957 3751 έχοντι
989 3660 1076 3730 κοίτω
1082 3630 1239 3750 βλέπειν
1260 3659 1316 3741 εἰς
1349 3659 1541 3753 ἀνθρώπων

365 3768 591 3867 πραγματείας
602 3773 667 3833 καὶ
688 3762 873 3855 μαχόμενον
895 3764 1008 3846 οιλτοις
1035 3764 1174 3889 ιχθιλνου
1192 3791 1237 3837 τε
1266 3772 1321 3834 καὶ
1332 3768 1540 3853 δυσμενείας

340 3863 614 3989 -ἐμπίπλαοθαι,
648 3866 717 3939 ολλλ
747 3867 801 3948 εἰς
819 3875 1000 3958 τεταγμένα
1030 3867 1115 3937 λίττοι
1140 3890 1203 3937 και
1234 3867 1320 3937 κατὰ
1352 3866 1459 3937 ταιλτολ
1489 3868 1540 3936 ιλει

367 3970 482 4057 έχοντα
512 3968 657 4062 ὁρῶντας
685 3978 741 4039 καὶ
769 3976 959 4091 θεωμένους
996 3969 1075 4039 οιλτ
1097 3969 1274 4040 ἀδικοῦντα
1304 3970 1372 4041 οὔτ’
1403 3968 1539 4040 ολδιιιοιλ-Ι

366 4097 449 4189 μενοι
476 4070 527 4142 ὑπ’
558 4072 616 4143 ἄλλ
613 4072 725 4158 ήλων,
754 4071 929 4199 κ’ὁομιχχέ
880 4079 929 4143 ·έδ
952 4072 1065 4143 ποίντα
1094 4082 1148 4143 καλ
1175 4074 1263 4143 κατὰ
1284 4072 1423 4163 λόγον”
1399 4096 1539 4203 έχοντα,

367 4176 486 4242 ταῦτα
504 4180 685 4266 μιμεῖσθαί
716 4201 768 4246 τε
777 4186 836 4247 κοιλ
870 4171 920 4246 ὅτι
948 4175 1095 4267 μάλιστα
1123 4176 1399 4271 ολιχομοιοῦσθαιι
1427 4176 1448 4261 ἢ
1477 4181 1539 4246 οἴει

367 4277 440 4348 τινὰ
460 4279 614 4368 μηχανὴν
642 4284 739 4364 εἰναι,
772 4274 839 4349 ὅτω
865 4308 920 4361 τις
941 4278 1101 4371 ὁμιλεῖ
1081 4279 1259 4373 αγοίμενος,
1287 4280 1334 4371 μὴ
1352 4286 1536 4371 μιμεῖσθαι
