3334 5142
840 418 881 455 -···,·
922 391 986 466 tlt
1028 426 1072 454 -ι

363 541 423 629 τίν
450 539 592 635 δίναμιν
617 548 795 673 παρέσχεν,
825 539 923 617 6ura
933 550 1148 677 ἐγγενέσθαι,
1176 554 1232 619 καὶ
1260 548 1480 637 ἐγγενομένοις
1501 568 1540 636 γι

365 651 531 740 σωτηρίαν
551 654 723 740 παρέχειν,
750 654 872 742 ἕωςπερ
895 650 936 721 ἀν
957 655 1020 749 ἐνῇ
1048 655 1156 724 καίτοι
1177 654 1304 774 ἔιμαμιν
1325 648 1543 772 δικαιοσύνην

362 754 505 874 ἔρεσθαι
526 751 581 832 τὸ
578 749 834 846 ὑπολειφθᾚν
816 756 954 837 anatem,
976 754 1007 824 εἰ
1026 755 1068 857 τά
1088 757 1164 845 τρία
1187 747 1344 845 εὕροιμεν.
1387 753 1510 824 Kar
1467 782 1538 846 γαρ

362 851 501 945 ἀνάγκη,
531 856 604 975 ἔφη.
643 851 748 924 ’t‘At
721 885 755 923 ,α
773 860 902 945 μέντοι,
932 846 1069 957 6vd’‘
1046 858 1129 947 εγὼ,
1159 886 1187 929 ιι
1181 857 1276 927 ’δέοι
1298 886 1334 947 γι
1356 844 1483 952 κρίναι,
1506 859 1546 925 τί

362 956 422 1043 τὴν
448 955 592 1029 πόλιν.ί
560 963 652 1050 ημῖν
679 956 802 1035 τούτων
830 950 1025 1078 μάλιστα
1005 990 1049 1051 ογ
1035 962 1146 1046 αδην
1167 960 1387 1057 ἀπεργάσεται
1409 958 1538 1051 ἐγγινό-

360 1086 487 1153 μενον,
500 1058 719 1154 δύσκριτον
696 1088 738 1129 αν
760 1066 825 1147 εἴη,
847 1061 986 1157 πότερον
1007 1095 1035 1149 6
1017 1062 1207 1155 ὁμοδοξία
1230 1069 1293 1189 τῶν
1314 1062 1481 1155 ἀρχόντων
1504 1090 1539 1133 τι

361 1171 417 1235 καὶ
444 1162 648 1256 ἀρχομένων,
677 1162 698 1249 6
722 1162 742 1249 6
763 1175 838 1259 saepi
860 1171 972 1237 δεινῶν
996 1194 1029 1237 τε
1052 1176 1106 1237 καὶ
1128 1168 1191 1257 μὴ,
1221 1160 1307 1239 δίττα
1330 1174 1415 1251 ἐστὶ,
1439 1167 1540 1253 δόξης

361 1264 498 1365 ἐννόμου
526 1270 674 1392 σωτηρία
701 1272 734 1337 ἐν
760 1277 831 1369 τοῖς
853 1268 1072 1361 στρατιώταις
1094 1276 1299 1362 ἐγγινομένη,
1329 1270 1349 1357 6
1371 1266 1391 1356 6
1413 1274 1446 1341 ἐν
1468 1298 1539 1353 τοις

360 1370 503 1463 ἀργονσι
522 1368 684 1466 φρόνησίς
705 1398 739 1440 τε
760 1382 816 1441 καὶ
837 1374 1001 1503 μαλακὴ
986 1378 1115 1459 ινοῦσα,
1135 1405 1155 1445 r
1175 1380 1273 1447 τοῦτο
1291 1372 1473 1464 μάλιοτα’
1453 1404 1539 1463 αγα-

360 1474 432 1561 δην
462 1472 566 1559 αὐτὴν
591 1481 683 1545 σοιτί
706 1474 779 1544 ἐνὸν
799 1483 856 1545 καὶ
884 1481 918 1547 ἐν
943 1483 1036 1549 παιδὶ
1065 1486 1121 1548 καὶ
1147 1484 1180 1551 ἐν
1200 1487 1330 1569 γυναικί
1352 1487 1406 1549 καλ
1429 1477 1537 1573 δούλω

360 1585 418 1652 καί
446 1581 618 1671 ἐλευθέρῳ,
640 1586 696 1649 καὶ
724 1583 913 1675 δημιουργῷ
941 1589 997 1652 καὶ
1025 1580 1161 1673 ἄρχοντι
1189 1590 1243 1653 καὶ
1269 1580 1455 1677 ἀρχομένῳ,
1485 1576 1538 1651 ὅτι

359 1680 399 1751 τὸ
432 1680 536 1754 αὑτοῦ
568 1687 706 1764 ἕκαστος
737 1680 782 1765 εἷς
814 1682 858 1752 ὢν
892 1685 1031 1775 ἔπραττε
1063 1693 1119 1755 καὶ
1152 1683 1212 1767 οὖν
1244 1682 1537 1777 ἐπολυπραγμόνει.

364 1780 610 1878 Δίοκριτον,”
591 1805 665 1881 εφη
692 1784 815 1867 πῶςδ
845 1786 903 1872 06,-
927 1784 1167 1878 Ἐνοίμιλλον”
1144 1818 1229 1883 αρα,
1259 1786 1303 1870 ὡς
1323 1790 1426 1911 ἔροιο,
1453 1788 1537 1882 πρὸς

359 1885 479 1979 ἀρετὴν
504 1885 630 2006 πρλτως
656 1892 695 1986 τῇ
722 1917 756 1957 τι
784 1892 892 2017 σορία
920 1888 1022 2010 ριῦτῆς
1050 1899 1105 1967 καὶ
1133 1896 1173 1986 τῇ
1200 1890 1398 1990 οωηροοίνη
1419 1896 1536 1989 καλιῇ

360 1988 543 2084 ἀνδρείᾳ
524 2020 545 2077 η
574 1995 634 2062 τοῦ
662 1998 802 2063 ἕκαστον
830 1997 864 2061 ἐν
890 1990 973 2091 αὐτῆ
1001 1992 1043 2063 τιν’
1073 1992 1177 2069 αὑτοῦ
1204 1993 1361 2086 πράττειν
1383 1968 1537 2087 δύναμιςι

359 2098 431 2181 Καὶ
444 2091 611 2219 μάλα,
592 2124 667 2191 εφη
714 2092 839 2165 Οὐκοῦν
861 2094 1072 2183 δικαιοσύνην
1094 2096 1132 2168 τό
1143 2127 1189 2188 γε
1210 2097 1341 2180 τούτοις
1363 2096 1537 2187 ἐνάμιλλον

359 2196 468 2279 ἀνείς
490 2195 610 2287 ἀρετὴν
630 2196 756 2281 πόλεως
777 2181 892 2285 6666,-
915 2199 1123 2279 Παντάπασι
1143 2212 1203 2292 μὲν
1225 2192 1293 2273 066.
1337 2206 1386 2282 Cf.
1406 2228 1439 2290 p.
1462 2209 1536 2282 432,

358 2307 394 2386 Β.
416 2325 487 2392 sqq.
511 2306 557 2371 st.
602 2308 772 2391 Postquam
801 2304 908 2379 verbis
930 2297 972 2385 λίς
994 2333 1030 2393 γι
1052 2303 1172 2377 οὑτωσὶ
1195 2303 1292 2390 δόξαι
1311 2308 1414 2379 innuit
1434 2311 1536 2385 Plato¹

358 2427 423 2476 uon
452 2428 522 2475 esse
549 2407 676 2494 plenam
702 2417 733 2475 ct
754 2408 925 2495 perfectam
947 2414 1059 2477 harum
1080 2429 1188 2483 rerum
1210 2406 1473 2495 explicationem,
1506 2415 1538 2475 et

246 2591 249 2596 Ι
359 2510 477 2588 dehere
506 2511 600 2580 ctiam
628 2514 803 2592 accuratius
829 2512 927 2581 trium
948 2513 1098 2581 virtutum
1121 2510 1185 2583 vim
1206 2520 1301 2599 atque
1320 2520 1465 2581 naturam
1488 2511 1537 2577 in·

358 2614 481 2704 dagani,
504 2620 531 2681 si
553 2614 587 2682 id
607 2616 711 2683 solum
732 2624 852 2702 agatur,
874 2617 952 2683 nihil
964 2618 1029 2686 iam
1043 2616 1199 2704 reliquum
1216 2637 1284 2689 esse
1300 2614 1385 2697 dicit,
1408 2622 1537 2703 praeter

356 2717 536 2789 iustitiam·
563 2719 688 2806 Dictum
718 2720 802 2788 enim
830 2741 913 2802 csse,
943 2721 1098 2787 iustitiam
1118 2719 1188 2787 sore
1210 2719 1243 2799 id
1265 2718 1354 2805 qnod
1374 2720 1550 2807 reliquum

357 2820 413 2898 ait,
444 2822 546 2905 tribus
573 2822 718 2893 inventia
759 2829 855 2891 Recte
888 2832 993 2891 tamen
1021 2822 1343 2913 Schleiermacherus,
1375 2827 1451 2907 hoe
1465 2830 1535 2893 tum

249 3008 253 3015 t
356 2927 483 2993 demum
505 2924 635 2995 concedi
656 2947 750 3014 posse
769 2934 874 3014 putat,
898 2928 928 3022 si
947 2926 1117 3013 probatum
1139 2929 1198 3005 sit,
1229 2936 1366 3012 quatuor
1387 2931 1444 2993 has
1467 2927 1533 2996 vir-

355 3036 440 3101 tutes
469 3029 599 3116 explere
628 3050 753 3101 omnem
781 3030 905 3105 virtutis
927 3030 1089 3099 ambitum.
1134 3033 1170 3099 ld
1199 3037 1304 3104 tamen
1331 3032 1447 3097 factum
1469 3051 1536 3097 non

355 3152 435 3199 esse.
479 3131 526 3199 Gi.
546 3153 617 3220 pag.
638 3136 710 3201 556.
731 3142 799 3200 not.
822 3143 856 3200 et
874 3155 907 3221 p.
932 3138 983 3205 20.
1006 3132 1123 3203 introd.
1146 3170 1189 3187 -
1210 3133 1393 3205 venationis
1417 3143 1534 3211 autam,

356 3255 438 3322 quaa
458 3236 613 3323 seqnitur,
635 3240 820 3310 suavissima
841 3238 975 3326 imagine
989 3240 1024 3306 in
1037 3243 1120 3305 hunc
1134 3238 1239 3323 ipsum
1252 3240 1356 3321 locum
1377 3238 1534 3306 lectorum

354 3341 456 3406 aciem
482 3337 621 3426 dirigere
646 3340 784 3407 voluisse
814 3341 940 3407 videtur
967 3342 1192 3429 philosophus,
1220 3362 1262 3409 ue
1291 3343 1386 3409 totius
1413 3341 1543 3427 dialogi.

354 3442 437 3509 ratio
456 3444 543 3530 ipsos
564 3443 725 3529 effugeret
767 3448 889 3511 Eodem
912 3444 989 3535 mihi
1010 3445 1170 3532 pertinere
1193 3444 1339 3514 videntur
1359 3450 1418 3514 liae
1437 3445 1535 3513 lecto·

353 3566 425 3613 rum
446 3546 678 3615 admonitiones
698 3556 734 3620 ut
753 3548 914 3615 attendant
933 3571 974 3615 ne
998 3548 1140 3624 elabatur
1161 3548 1300 3626 iustitias
1317 3548 1376 3615 hae
1398 3552 1533 3617 deornm

353 3671 485 3734 preces,
515 3650 576 3717 hae
603 3652 751 3739 querelae
772 3656 812 3718 de
834 3651 953 3738 negotii
980 3651 1175 3737 difficultate,
1204 3652 1282 3719 haec
1301 3652 1421 3721 laetitia
1445 3652 1533 3737 quod

353 3752 479 3821 tandem
500 3753 668 3840 aliquando
690 3756 857 3841 vestigium
880 3755 1007 3843 aliquod
1022 3764 1179 3849 appareat,
1203 3756 1262 3823 hae
1276 3756 1534 3830 exclamationes.

353 3860 398 3924 dc
429 3855 558 3924 subesse
582 3858 703 3945 aliquid
731 3858 888 3927 eiusmodi
914 3862 987 3928 lanio
1014 3859 1086 3926 loco
1114 3857 1208 3928 etiam
1239 3858 1530 3953 Schleiermacltcro

349 3958 508 4039 suboluit,
537 3962 593 4047 qui
616 3982 680 4029 non
701 3964 768 4029 sine
790 3984 902 4047 causa,
930 3961 1032 4031 tribus
1052 3962 1188 4033 iuvantis
1210 3966 1410 4040 virtutibus„
1426 3970 1531 4045 tantus

347 4071 478 4152 tamque
502 4064 656 4133 mirificos
673 4076 854 4155 apparatus
884 4086 956 4141 cuna
989 4066 1156 4153 gemitibus
1189 4067 1259 4149 lieri
1292 4069 1459 4159 statuerit,
1494 4074 1531 4133 nt

349 4166 470 4237 iustitia
491 4168 616 4241 diversa
636 4190 653 4236 a
674 4170 806 4255 reliquis
826 4170 1015 4238 inveniatur.
1065 4174 1144 4251 Nam
1172 4190 1235 4239 non
1262 4170 1355 4257 facile
1384 4190 1455 4239 esso
1482 4173 1533 4251 in·-

346 4274 462 4341 venire
491 4270 661 4343 discrimen
687 4272 769 4340 inter
793 4272 936 4361 priorem
958 4269 1192 4367 σωφροσύνης,
1224 4281 1256 4340 et
1282 4276 1363 4358 hano
1390 4272 1529 4358 institiae
